timestamp,recv_time,price,volume,aggressor_side,buyer,seller,trade_id
2026-07-07T22:00:00.633992,2026-07-07T22:00:00.640269+00:00,133.3,41,bid,,,11360924
2026-07-07T22:00:00.769872,2026-07-07T22:00:00.781770+00:00,133.3,50,bid,,,11360925
2026-07-07T22:00:01.128582,2026-07-07T22:00:01.138203+00:00,133.2,46,ask,,,11360930
2026-07-07T22:00:01.738094,2026-07-07T22:00:01.748745+00:00,133.2,12,ask,,,11360941
2026-07-07T22:00:02.876718,2026-07-07T22:00:02.888496+00:00,133.3,9,bid,,,11360958
2026-07-07T22:00:02.876718,2026-07-07T22:00:02.888496+00:00,133.7,41,bid,,,11360959
2026-07-07T22:00:04.993971,2026-07-07T22:00:05.001462+00:00,133.6,50,bid,,,11360990
2026-07-07T22:00:07.100039,2026-07-07T22:00:07.106588+00:00,133.6,50,bid,,,11361026
2026-07-07T22:00:07.883767,2026-07-07T22:00:07.895473+00:00,133.6,42,bid,,,11361044
2026-07-07T22:00:09.180880,2026-07-07T22:00:09.190974+00:00,133.2,11,ask,,,11361056
2026-07-07T22:00:09.258389,2026-07-07T22:00:09.270190+00:00,133.2,50,ask,,,11361060
2026-07-07T22:00:09.991950,2026-07-07T22:00:10.010735+00:00,133.3,100,ask,,,11361072
2026-07-07T22:00:10.001565,2026-07-07T22:00:10.010735+00:00,133.3,3,ask,,,11361073
2026-07-07T22:00:11.316449,2026-07-07T22:00:11.328614+00:00,133.7,50,bid,,,11361088
2026-07-07T22:00:13.430383,2026-07-07T22:00:13.442422+00:00,133.5,50,bid,,,11361124
2026-07-07T22:00:14.037953,2026-07-07T22:00:14.046784+00:00,133.5,41,bid,,,11361128
2026-07-07T22:00:16.638336,2026-07-07T22:00:16.649992+00:00,133.2,46,ask,,,11361172
2026-07-07T22:00:17.695314,2026-07-07T22:00:17.703897+00:00,133.2,50,ask,,,11361182
2026-07-07T22:00:18.216970,2026-07-07T22:00:18.228826+00:00,133.4,41,bid,,,11361189
2026-07-07T22:00:18.803525,2026-07-07T22:00:18.815645+00:00,133.2,43,ask,,,11361197
2026-07-07T22:00:19.261249,2026-07-07T22:00:19.272992+00:00,133.2,11,ask,,,11361202
2026-07-07T22:00:19.261249,2026-07-07T22:00:19.272992+00:00,132.9,33,ask,,,11361203
2026-07-07T22:00:19.746970,2026-07-07T22:00:19.753457+00:00,133.2,49,bid,,,11361207
2026-07-07T22:00:19.802458,2026-07-07T22:00:19.814339+00:00,133.0,50,ask,,,11361208
2026-07-07T22:00:21.910351,2026-07-07T22:00:21.921869+00:00,133.0,50,ask,,,11361241
2026-07-07T22:00:23.410619,2026-07-07T22:00:23.421670+00:00,132.8,42,ask,,,11361262
2026-07-07T22:00:23.967345,2026-07-07T22:00:23.974576+00:00,133.2,50,bid,,,11361275
2026-07-07T22:00:28.177299,2026-07-07T22:00:28.188879+00:00,133.0,50,bid,,,11361324
2026-07-07T22:00:30.285467,2026-07-07T22:00:30.295684+00:00,133.1,50,bid,,,11361348
2026-07-07T22:00:32.444667,2026-07-07T22:00:32.456244+00:00,133.0,50,ask,,,11361376
2026-07-07T22:00:33.539503,2026-07-07T22:00:33.550143+00:00,133.4,48,bid,,,11361395
2026-07-07T22:00:34.553549,2026-07-07T22:00:34.565496+00:00,133.0,50,ask,,,11361411
2026-07-07T22:00:36.144088,2026-07-07T22:00:36.163957+00:00,133.3,44,bid,,,11361435
2026-07-07T22:00:36.663083,2026-07-07T22:00:36.675024+00:00,133.2,50,ask,,,11361441
2026-07-07T22:00:38.769741,2026-07-07T22:00:38.781429+00:00,133.2,50,ask,,,11361475
2026-07-07T22:00:40.876885,2026-07-07T22:00:40.888455+00:00,133.2,50,ask,,,11361494
2026-07-07T22:00:41.177967,2026-07-07T22:00:41.189814+00:00,133.2,48,ask,,,11361501
2026-07-07T22:00:42.983676,2026-07-07T22:00:42.995589+00:00,132.8,50,ask,,,11361513
2026-07-07T22:00:43.822464,2026-07-07T22:00:43.833924+00:00,133.2,43,bid,,,11361521
2026-07-07T22:00:44.659595,2026-07-07T22:00:44.668384+00:00,133.2,14,bid,,,11361547
2026-07-07T22:00:47.143642,2026-07-07T22:00:47.163625+00:00,133.4,50,bid,,,11361576
2026-07-07T22:00:47.466416,2026-07-07T22:00:47.477875+00:00,133.1,46,ask,,,11361580
2026-07-07T22:00:48.927667,2026-07-07T22:00:48.939293+00:00,133.1,45,ask,,,11361600
2026-07-07T22:00:49.252284,2026-07-07T22:00:49.263890+00:00,133.5,50,bid,,,11361605
2026-07-07T22:00:51.361709,2026-07-07T22:00:51.373294+00:00,133.3,50,bid,,,11361634
2026-07-07T22:00:52.107470,2026-07-07T22:00:52.119071+00:00,133.3,48,bid,,,11361641
2026-07-07T22:00:53.468976,2026-07-07T22:00:53.480882+00:00,133.3,50,bid,,,11361663
2026-07-07T22:00:54.345184,2026-07-07T22:00:54.355948+00:00,133.3,14,ask,,,11361675
2026-07-07T22:00:54.718969,2026-07-07T22:00:54.730430+00:00,133.3,45,ask,,,11361683
2026-07-07T22:00:55.577547,2026-07-07T22:00:55.589096+00:00,133.4,50,bid,,,11361697
2026-07-07T22:00:57.695872,2026-07-07T22:00:57.705724+00:00,133.6,50,bid,,,11361728
2026-07-07T22:00:58.685509,2026-07-07T22:00:58.697800+00:00,133.6,42,bid,,,11361740
2026-07-07T22:00:59.287736,2026-07-07T22:00:59.298977+00:00,133.6,8,bid,,,11361747
2026-07-07T22:00:59.287736,2026-07-07T22:00:59.298977+00:00,133.6,36,bid,,,11361748
2026-07-07T22:01:01.907413,2026-07-07T22:01:01.920152+00:00,133.8,50,bid,,,11361773
2026-07-07T22:01:02.110482,2026-07-07T22:01:02.120943+00:00,133.5,40,ask,,,11361778
2026-07-07T22:01:02.725622,2026-07-07T22:01:02.737499+00:00,133.5,40,ask,,,11361786
2026-07-07T22:01:04.017269,2026-07-07T22:01:04.029062+00:00,133.7,50,bid,,,11361812
2026-07-07T22:01:05.781804,2026-07-07T22:01:05.793188+00:00,133.5,42,ask,,,11361839
2026-07-07T22:01:06.175456,2026-07-07T22:01:06.183211+00:00,133.5,50,ask,,,11361847
2026-07-07T22:01:06.260977,2026-07-07T22:01:06.272844+00:00,133.7,45,bid,,,11361848
2026-07-07T22:01:08.233402,2026-07-07T22:01:08.239914+00:00,133.5,50,bid,,,11361877
2026-07-07T22:01:08.314928,2026-07-07T22:01:08.326664+00:00,133.3,45,ask,,,11361878
2026-07-07T22:01:10.009134,2026-07-07T22:01:10.019450+00:00,133.5,46,bid,,,11361894
2026-07-07T22:01:10.818451,2026-07-07T22:01:10.827615+00:00,133.4,3,ask,,,11361906
2026-07-07T22:01:12.042360,2026-07-07T22:01:12.051007+00:00,133.4,11,ask,,,11361928
2026-07-07T22:01:12.446243,2026-07-07T22:01:12.458589+00:00,133.6,50,bid,,,11361936
2026-07-07T22:01:14.553472,2026-07-07T22:01:14.565177+00:00,133.8,50,bid,,,11361957
2026-07-07T22:01:16.454179,2026-07-07T22:01:16.458553+00:00,133.3,41,ask,,,11361979
2026-07-07T22:01:18.068528,2026-07-07T22:01:18.087051+00:00,133.3,23,ask,,,11361998
2026-07-07T22:01:19.655491,2026-07-07T22:01:19.667449+00:00,133.0,47,ask,,,11362019
2026-07-07T22:01:20.869587,2026-07-07T22:01:20.881240+00:00,133.3,50,bid,,,11362034
2026-07-07T22:01:23.029711,2026-07-07T22:01:23.036625+00:00,133.2,50,ask,,,11362067
2026-07-07T22:01:24.025370,2026-07-07T22:01:24.033277+00:00,133.2,42,ask,,,11362075
2026-07-07T22:01:25.137207,2026-07-07T22:01:25.148472+00:00,133.2,8,ask,,,11362090
2026-07-07T22:01:25.137207,2026-07-07T22:01:25.148472+00:00,133.0,42,ask,,,11362091
2026-07-07T22:01:26.046060,2026-07-07T22:01:26.055067+00:00,132.9,11,bid,,,11362109
2026-07-07T22:01:27.246345,2026-07-07T22:01:27.258571+00:00,132.5,50,ask,,,11362130
2026-07-07T22:01:29.219336,2026-07-07T22:01:29.242980+00:00,132.7,12,bid,,,11362149
2026-07-07T22:01:29.354006,2026-07-07T22:01:29.363323+00:00,132.4,50,ask,,,11362152
2026-07-07T22:01:30.329353,2026-07-07T22:01:30.341667+00:00,132.7,47,bid,,,11362163
2026-07-07T22:01:31.319846,2026-07-07T22:01:31.331697+00:00,132.7,40,bid,,,11362172
2026-07-07T22:01:31.461474,2026-07-07T22:01:31.473063+00:00,132.4,50,ask,,,11362175
2026-07-07T22:01:32.391645,2026-07-07T22:01:32.405461+00:00,132.4,100,ask,,,11362188
2026-07-07T22:01:32.406783,2026-07-07T22:01:32.416426+00:00,132.4,14,bid,,,11362189
2026-07-07T22:01:32.829947,2026-07-07T22:01:32.838736+00:00,132.4,36,bid,,,11362196
2026-07-07T22:01:32.829947,2026-07-07T22:01:32.838736+00:00,132.9,12,bid,,,11362197
2026-07-07T22:01:33.568617,2026-07-07T22:01:33.580399+00:00,131.9,50,ask,,,11362211
2026-07-07T22:01:35.678436,2026-07-07T22:01:35.689863+00:00,132.5,50,ask,,,11362231
2026-07-07T22:01:35.973936,2026-07-07T22:01:35.985619+00:00,132.5,42,ask,,,11362244
2026-07-07T22:01:36.619891,2026-07-07T22:01:36.631656+00:00,132.5,42,ask,,,11362249
2026-07-07T22:01:37.786647,2026-07-07T22:01:37.797119+00:00,132.5,16,ask,,,11362265
2026-07-07T22:01:37.786647,2026-07-07T22:01:37.797119+00:00,132.4,34,ask,,,11362266
2026-07-07T22:01:39.781573,2026-07-07T22:01:39.791350+00:00,132.2,14,bid,,,11362289
2026-07-07T22:01:39.903868,2026-07-07T22:01:39.911239+00:00,132.1,50,ask,,,11362294
2026-07-07T22:01:40.260259,2026-07-07T22:01:40.271827+00:00,132.2,40,bid,,,11362301
2026-07-07T22:01:41.959688,2026-07-07T22:01:41.971401+00:00,132.4,50,bid,,,11362320
2026-07-07T22:01:42.222900,2026-07-07T22:01:42.234734+00:00,132.4,44,bid,,,11362322
2026-07-07T22:01:45.067754,2026-07-07T22:01:45.077935+00:00,132.3,14,ask,,,11362357
2026-07-07T22:01:45.576924,2026-07-07T22:01:45.588760+00:00,132.4,48,bid,,,11362368
2026-07-07T22:01:46.242322,2026-07-07T22:01:46.253990+00:00,132.3,50,ask,,,11362377
2026-07-07T22:01:47.240024,2026-07-07T22:01:47.251832+00:00,132.3,46,ask,,,11362390
2026-07-07T22:01:48.367946,2026-07-07T22:01:48.379739+00:00,131.9,50,ask,,,11362408
2026-07-07T22:01:49.368260,2026-07-07T22:01:49.379546+00:00,132.2,42,bid,,,11362416
2026-07-07T22:01:50.272985,2026-07-07T22:01:50.282338+00:00,132.2,3,bid,,,11362428
2026-07-07T22:01:50.474854,2026-07-07T22:01:50.486283+00:00,131.9,50,ask,,,11362431
2026-07-07T22:01:51.645040,2026-07-07T22:01:51.658587+00:00,132.1,48,ask,,,11362447
2026-07-07T22:01:52.589714,2026-07-07T22:01:52.597695+00:00,132.1,50,ask,,,11362458
2026-07-07T22:01:54.643638,2026-07-07T22:01:54.651856+00:00,132.2,50,bid,,,11362483
2026-07-07T22:01:58.130795,2026-07-07T22:01:58.140460+00:00,132.3,11,bid,,,11362530
2026-07-07T22:01:58.680295,2026-07-07T22:01:58.687781+00:00,132.3,45,bid,,,11362538
2026-07-07T22:01:58.859643,2026-07-07T22:01:58.871254+00:00,132.3,44,bid,,,11362540
2026-07-07T22:01:58.859643,2026-07-07T22:01:58.871254+00:00,132.4,6,bid,,,11362541
2026-07-07T22:01:59.229877,2026-07-07T22:01:59.241401+00:00,131.9,49,ask,,,11362547
2026-07-07T22:01:59.781275,2026-07-07T22:01:59.792957+00:00,132.4,46,bid,,,11362561
2026-07-07T22:02:00.969490,2026-07-07T22:02:00.981274+00:00,132.5,50,bid,,,11362576
2026-07-07T22:02:01.880651,2026-07-07T22:02:01.892460+00:00,132.2,43,ask,,,11362587
2026-07-07T22:02:03.137450,2026-07-07T22:02:03.149343+00:00,132.2,50,ask,,,11362605
2026-07-07T22:02:03.488880,2026-07-07T22:02:03.496705+00:00,132.5,45,bid,,,11362610
2026-07-07T22:02:04.050341,2026-07-07T22:02:04.058361+00:00,132.5,100,ask,,,11362622
2026-07-07T22:02:04.060100,2026-07-07T22:02:04.068950+00:00,132.5,11,ask,,,11362623
2026-07-07T22:02:04.541500,2026-07-07T22:02:04.553106+00:00,132.5,39,ask,,,11362627
2026-07-07T22:02:04.541500,2026-07-07T22:02:04.553106+00:00,132.0,10,ask,,,11362628
2026-07-07T22:02:05.245391,2026-07-07T22:02:05.258578+00:00,132.0,50,ask,,,11362637
2026-07-07T22:02:07.684767,2026-07-07T22:02:07.692709+00:00,132.1,45,ask,,,11362665
2026-07-07T22:02:09.408187,2026-07-07T22:02:09.419736+00:00,132.4,50,bid,,,11362691
2026-07-07T22:02:11.520752,2026-07-07T22:02:11.530711+00:00,132.3,50,bid,,,11362708
2026-07-07T22:02:11.945040,2026-07-07T22:02:11.958550+00:00,132.3,47,bid,,,11362714
2026-07-07T22:02:13.633519,2026-07-07T22:02:13.645064+00:00,132.3,50,bid,,,11362732
2026-07-07T22:02:16.048436,2026-07-07T22:02:16.058489+00:00,132.2,46,ask,,,11362748
2026-07-07T22:02:17.624251,2026-07-07T22:02:17.632206+00:00,132.4,44,bid,,,11362761
2026-07-07T22:02:17.846268,2026-07-07T22:02:17.852550+00:00,132.4,50,bid,,,11362766
2026-07-07T22:02:18.793881,2026-07-07T22:02:18.806090+00:00,132.4,6,bid,,,11362782
2026-07-07T22:02:18.793881,2026-07-07T22:02:18.806090+00:00,132.5,40,bid,,,11362783
2026-07-07T22:02:19.879855,2026-07-07T22:02:19.889730+00:00,132.2,3,ask,,,11362796
2026-07-07T22:02:20.003770,2026-07-07T22:02:20.012104+00:00,132.2,50,ask,,,11362799
2026-07-07T22:02:22.914586,2026-07-07T22:02:22.923626+00:00,132.2,43,ask,,,11362848
2026-07-07T22:02:24.986687,2026-07-07T22:02:24.998062+00:00,132.0,41,ask,,,11362878
2026-07-07T22:02:26.316314,2026-07-07T22:02:26.327848+00:00,131.8,50,ask,,,11362894
2026-07-07T22:02:27.096233,2026-07-07T22:02:27.106029+00:00,132.2,45,bid,,,11362899
2026-07-07T22:02:28.426795,2026-07-07T22:02:28.438426+00:00,131.8,50,ask,,,11362915
2026-07-07T22:02:28.657899,2026-07-07T22:02:28.669573+00:00,132.2,40,bid,,,11362917
2026-07-07T22:02:29.356655,2026-07-07T22:02:29.376971+00:00,132.0,100,ask,,,11362922
2026-07-07T22:02:29.366934,2026-07-07T22:02:29.376971+00:00,132.0,3,bid,,,11362923
2026-07-07T22:02:30.534925,2026-07-07T22:02:30.546472+00:00,131.5,50,ask,,,11362939
2026-07-07T22:02:34.051430,2026-07-07T22:02:34.058539+00:00,131.6,41,ask,,,11362987
2026-07-07T22:02:35.696495,2026-07-07T22:02:35.704909+00:00,132.0,11,bid,,,11363010
2026-07-07T22:02:38.002391,2026-07-07T22:02:38.014193+00:00,132.0,49,bid,,,11363031
2026-07-07T22:02:38.954870,2026-07-07T22:02:38.953074+00:00,131.9,50,ask,,,11363042
2026-07-07T22:02:39.488518,2026-07-07T22:02:39.500171+00:00,131.9,40,ask,,,11363051
2026-07-07T22:02:41.061646,2026-07-07T22:02:41.073192+00:00,131.9,50,ask,,,11363072
2026-07-07T22:02:42.011269,2026-07-07T22:02:42.018869+00:00,132.1,100,ask,,,11363084
2026-07-07T22:02:42.025105,2026-07-07T22:02:42.034014+00:00,132.0,23,bid,,,11363085
2026-07-07T22:02:43.168468,2026-07-07T22:02:43.178005+00:00,131.5,50,ask,,,11363101
2026-07-07T22:02:45.312190,2026-07-07T22:02:45.323962+00:00,131.7,50,ask,,,11363131
2026-07-07T22:02:46.637852,2026-07-07T22:02:46.649444+00:00,132.1,49,bid,,,11363149
2026-07-07T22:02:47.420390,2026-07-07T22:02:47.432069+00:00,131.7,50,ask,,,11363159
2026-07-07T22:02:48.337528,2026-07-07T22:02:48.358864+00:00,131.7,100,ask,,,11363174
2026-07-07T22:02:48.350294,2026-07-07T22:02:48.358864+00:00,131.7,12,bid,,,11363175
2026-07-07T22:02:49.487512,2026-07-07T22:02:49.503532+00:00,131.7,11,bid,,,11363185
2026-07-07T22:02:52.970804,2026-07-07T22:02:52.982597+00:00,132.0,49,bid,,,11363228
2026-07-07T22:02:53.270081,2026-07-07T22:02:53.279214+00:00,131.8,11,ask,,,11363233
2026-07-07T22:02:53.697338,2026-07-07T22:02:53.704842+00:00,132.0,50,bid,,,11363239
2026-07-07T22:02:53.775237,2026-07-07T22:02:53.786452+00:00,131.8,12,ask,,,11363243
2026-07-07T22:02:56.375202,2026-07-07T22:02:56.381558+00:00,131.7,45,ask,,,11363275
2026-07-07T22:02:57.571266,2026-07-07T22:02:57.583069+00:00,131.7,48,ask,,,11363291
2026-07-07T22:02:58.009408,2026-07-07T22:02:58.021024+00:00,131.9,50,ask,,,11363300
2026-07-07T22:02:58.035316,2026-07-07T22:02:58.046793+00:00,132.2,47,bid,,,11363301
2026-07-07T22:03:00.638798,2026-07-07T22:03:00.650143+00:00,131.9,48,ask,,,11363333
2026-07-07T22:03:01.002303,2026-07-07T22:03:01.011800+00:00,132.0,12,bid,,,11363336
2026-07-07T22:03:04.227638,2026-07-07T22:03:04.239043+00:00,132.1,40,bid,,,11363394
2026-07-07T22:03:04.352358,2026-07-07T22:03:04.363765+00:00,131.9,50,ask,,,11363395
2026-07-07T22:03:04.750125,2026-07-07T22:03:04.763845+00:00,131.9,47,ask,,,11363397
2026-07-07T22:03:06.032381,2026-07-07T22:03:06.044272+00:00,132.1,41,bid,,,11363419
2026-07-07T22:03:06.408774,2026-07-07T22:03:06.420610+00:00,132.1,50,bid,,,11363421
2026-07-07T22:03:07.002068,2026-07-07T22:03:07.013780+00:00,132.1,19,bid,,,11363428
2026-07-07T22:03:07.321430,2026-07-07T22:03:07.332601+00:00,132.2,100,ask,,,11363431
2026-07-07T22:03:09.912315,2026-07-07T22:03:09.924392+00:00,132.2,45,ask,,,11363466
2026-07-07T22:03:10.311891,2026-07-07T22:03:10.323352+00:00,132.2,5,ask,,,11363473
2026-07-07T22:03:11.055999,2026-07-07T22:03:11.067624+00:00,131.7,49,ask,,,11363489
2026-07-07T22:03:14.954318,2026-07-07T22:03:14.966149+00:00,131.4,50,ask,,,11363548
2026-07-07T22:03:15.314895,2026-07-07T22:03:15.326531+00:00,131.8,41,bid,,,11363549
2026-07-07T22:03:16.830932,2026-07-07T22:03:16.839629+00:00,131.8,40,bid,,,11363574
2026-07-07T22:03:17.062911,2026-07-07T22:03:17.070717+00:00,131.5,50,ask,,,11363578
2026-07-07T22:03:19.205515,2026-07-07T22:03:19.214483+00:00,131.5,50,ask,,,11363605
2026-07-07T22:03:19.462409,2026-07-07T22:03:19.474111+00:00,131.5,46,ask,,,11363613
2026-07-07T22:03:19.988363,2026-07-07T22:03:19.999287+00:00,131.4,100,ask,,,11363624
2026-07-07T22:03:20.000432,2026-07-07T22:03:20.010195+00:00,131.3,50,bid,,,11363625
2026-07-07T22:03:21.314569,2026-07-07T22:03:21.326201+00:00,130.8,50,ask,,,11363638
2026-07-07T22:03:23.426210,2026-07-07T22:03:23.435918+00:00,131.3,50,ask,,,11363668
2026-07-07T22:03:23.643678,2026-07-07T22:03:23.652565+00:00,131.6,48,bid,,,11363670
2026-07-07T22:03:27.614480,2026-07-07T22:03:27.621207+00:00,131.7,50,bid,,,11363710
2026-07-07T22:03:28.352325,2026-07-07T22:03:28.363979+00:00,131.4,43,ask,,,11363721
2026-07-07T22:03:29.725574,2026-07-07T22:03:29.732762+00:00,131.7,50,bid,,,11363739
2026-07-07T22:03:31.221050,2026-07-07T22:03:31.230874+00:00,131.7,41,bid,,,11363762
2026-07-07T22:03:32.223123,2026-07-07T22:03:32.235474+00:00,131.7,9,bid,,,11363780
2026-07-07T22:03:32.223123,2026-07-07T22:03:32.235474+00:00,131.9,35,bid,,,11363781
2026-07-07T22:03:32.695799,2026-07-07T22:03:32.702191+00:00,131.5,46,ask,,,11363782
2026-07-07T22:03:33.990759,2026-07-07T22:03:33.999997+00:00,131.5,50,ask,,,11363805
2026-07-07T22:03:34.842325,2026-07-07T22:03:34.853946+00:00,131.5,44,ask,,,11363815
2026-07-07T22:03:35.807500,2026-07-07T22:03:35.814901+00:00,131.4,100,ask,,,11363826
2026-07-07T22:03:36.046179,2026-07-07T22:03:36.058551+00:00,131.3,50,bid,,,11363829
2026-07-07T22:03:36.904044,2026-07-07T22:03:36.915610+00:00,131.9,40,bid,,,11363841
2026-07-07T22:03:38.178957,2026-07-07T22:03:38.187763+00:00,131.9,50,bid,,,11363853
2026-07-07T22:03:40.074402,2026-07-07T22:03:40.085964+00:00,131.5,45,ask,,,11363872
2026-07-07T22:03:40.464955,2026-07-07T22:03:40.474270+00:00,131.5,23,ask,,,11363879
2026-07-07T22:03:40.536630,2026-07-07T22:03:40.546511+00:00,131.9,40,bid,,,11363882
2026-07-07T22:03:42.445836,2026-07-07T22:03:42.458620+00:00,131.4,50,ask,,,11363924
2026-07-07T22:03:42.624225,2026-07-07T22:03:42.634768+00:00,131.4,44,ask,,,11363926
2026-07-07T22:03:44.589888,2026-07-07T22:03:44.601385+00:00,131.4,6,ask,,,11363947
2026-07-07T22:03:44.589888,2026-07-07T22:03:44.601385+00:00,131.0,44,ask,,,11363948
2026-07-07T22:03:45.320838,2026-07-07T22:03:45.331039+00:00,131.3,12,bid,,,11363957
2026-07-07T22:03:46.648459,2026-07-07T22:03:46.654893+00:00,131.3,50,bid,,,11363981
2026-07-07T22:03:48.756292,2026-07-07T22:03:48.753253+00:00,131.7,50,bid,,,11364003
2026-07-07T22:03:50.893719,2026-07-07T22:03:50.905452+00:00,131.7,50,bid,,,11364031
2026-07-07T22:03:51.643656,2026-07-07T22:03:51.654072+00:00,131.5,12,ask,,,11364038
2026-07-07T22:03:52.270148,2026-07-07T22:03:52.280524+00:00,131.5,11,ask,,,11364044
2026-07-07T22:03:53.054316,2026-07-07T22:03:53.058564+00:00,131.5,50,ask,,,11364056
2026-07-07T22:03:55.109875,2026-07-07T22:03:55.121438+00:00,131.6,50,bid,,,11364079
2026-07-07T22:03:57.086958,2026-07-07T22:03:57.097028+00:00,131.6,44,bid,,,11364113
2026-07-07T22:03:57.220793,2026-07-07T22:03:57.232546+00:00,131.6,6,bid,,,11364114
2026-07-07T22:03:57.220793,2026-07-07T22:03:57.232546+00:00,131.8,44,bid,,,11364115
2026-07-07T22:03:57.560124,2026-07-07T22:03:57.569604+00:00,131.3,40,ask,,,11364118
2026-07-07T22:03:58.057398,2026-07-07T22:03:58.069123+00:00,131.6,49,bid,,,11364130
2026-07-07T22:03:58.630786,2026-07-07T22:03:58.642383+00:00,131.3,46,ask,,,11364136
2026-07-07T22:03:59.329174,2026-07-07T22:03:59.340723+00:00,131.6,50,bid,,,11364142
2026-07-07T22:04:01.487824,2026-07-07T22:04:01.499332+00:00,131.5,50,ask,,,11364163
2026-07-07T22:04:01.622182,2026-07-07T22:04:01.631827+00:00,131.5,11,ask,,,11364166
2026-07-07T22:04:03.595637,2026-07-07T22:04:03.607553+00:00,131.5,50,ask,,,11364195
2026-07-07T22:04:05.706051,2026-07-07T22:04:05.717521+00:00,131.2,50,ask,,,11364216
2026-07-07T22:04:06.432618,2026-07-07T22:04:06.444326+00:00,131.6,43,bid,,,11364228
2026-07-07T22:04:06.712080,2026-07-07T22:04:06.720849+00:00,131.6,11,bid,,,11364230
2026-07-07T22:04:07.003597,2026-07-07T22:04:07.014796+00:00,131.2,48,ask,,,11364235
2026-07-07T22:04:07.465933,2026-07-07T22:04:07.477185+00:00,131.5,100,ask,,,11364246
2026-07-07T22:04:07.812342,2026-07-07T22:04:07.824130+00:00,131.5,50,ask,,,11364250
2026-07-07T22:04:09.751160,2026-07-07T22:04:09.757637+00:00,132.0,40,bid,,,11364277
2026-07-07T22:04:09.922053,2026-07-07T22:04:09.933875+00:00,131.0,50,ask,,,11364280
2026-07-07T22:04:10.641623,2026-07-07T22:04:10.650451+00:00,131.6,11,bid,,,11364288
2026-07-07T22:04:11.300253,2026-07-07T22:04:11.308592+00:00,131.6,12,bid,,,11364298
2026-07-07T22:04:12.029636,2026-07-07T22:04:12.041457+00:00,131.2,50,ask,,,11364310
2026-07-07T22:04:12.513124,2026-07-07T22:04:12.521475+00:00,131.6,11,bid,,,11364317
2026-07-07T22:04:13.312438,2026-07-07T22:04:13.323742+00:00,131.6,42,bid,,,11364323
2026-07-07T22:04:14.140170,2026-07-07T22:04:14.158591+00:00,131.7,50,ask,,,11364336
2026-07-07T22:04:14.794185,2026-07-07T22:04:14.805846+00:00,131.8,42,bid,,,11364346
2026-07-07T22:04:16.199082,2026-07-07T22:04:16.207352+00:00,131.8,50,bid,,,11364367
2026-07-07T22:04:16.546978,2026-07-07T22:04:16.558795+00:00,131.7,45,ask,,,11364377
2026-07-07T22:04:17.667720,2026-07-07T22:04:17.679251+00:00,131.8,42,bid,,,11364389
2026-07-07T22:04:18.304931,2026-07-07T22:04:18.316086+00:00,131.8,50,bid,,,11364395
2026-07-07T22:04:18.813258,2026-07-07T22:04:18.824940+00:00,131.6,44,ask,,,11364406
2026-07-07T22:04:19.845567,2026-07-07T22:04:19.855831+00:00,131.6,34,ask,,,11364425
2026-07-07T22:04:20.385860,2026-07-07T22:04:20.400406+00:00,131.2,48,ask,,,11364431
2026-07-07T22:04:20.410883,2026-07-07T22:04:20.422617+00:00,131.4,50,bid,,,11364432
2026-07-07T22:04:21.159787,2026-07-07T22:04:21.170020+00:00,131.4,34,bid,,,11364439
2026-07-07T22:04:22.519418,2026-07-07T22:04:22.526483+00:00,131.4,16,bid,,,11364463
2026-07-07T22:04:22.519418,2026-07-07T22:04:22.531815+00:00,131.7,34,bid,,,11364464
2026-07-07T22:04:24.626834,2026-07-07T22:04:24.637076+00:00,131.9,50,bid,,,11364499
2026-07-07T22:04:25.168255,2026-07-07T22:04:25.179603+00:00,131.9,49,bid,,,11364504
2026-07-07T22:04:26.265198,2026-07-07T22:04:26.276731+00:00,131.5,41,ask,,,11364524
2026-07-07T22:04:26.438549,2026-07-07T22:04:26.452738+00:00,131.8,100,ask,,,11364527
2026-07-07T22:04:26.444047,2026-07-07T22:04:26.452738+00:00,131.8,45,ask,,,11364528
2026-07-07T22:04:26.784194,2026-07-07T22:04:26.795952+00:00,131.8,5,ask,,,11364537
2026-07-07T22:04:26.784194,2026-07-07T22:04:26.795952+00:00,131.3,45,ask,,,11364538
2026-07-07T22:04:28.893215,2026-07-07T22:04:28.904855+00:00,131.3,50,ask,,,11364568
2026-07-07T22:04:29.606538,2026-07-07T22:04:29.614840+00:00,131.7,11,bid,,,11364577
2026-07-07T22:04:31.071075,2026-07-07T22:04:31.079905+00:00,131.7,43,bid,,,11364590
2026-07-07T22:04:32.727259,2026-07-07T22:04:32.735812+00:00,131.2,48,ask,,,11364600
2026-07-07T22:04:33.115336,2026-07-07T22:04:33.127157+00:00,131.2,50,ask,,,11364605
2026-07-07T22:04:35.171801,2026-07-07T22:04:35.183486+00:00,131.7,50,bid,,,11364626
2026-07-07T22:04:35.432934,2026-07-07T22:04:35.445035+00:00,131.7,43,bid,,,11364628
2026-07-07T22:04:37.277590,2026-07-07T22:04:37.286986+00:00,131.7,50,bid,,,11364648
2026-07-07T22:04:39.383647,2026-07-07T22:04:39.395235+00:00,131.7,50,bid,,,11364673
2026-07-07T22:04:40.120648,2026-07-07T22:04:40.129926+00:00,131.7,41,bid,,,11364689
2026-07-07T22:04:41.133268,2026-07-07T22:04:41.143690+00:00,131.4,48,ask,,,11364698
2026-07-07T22:04:41.491732,2026-07-07T22:04:41.510245+00:00,131.9,41,bid,,,11364702
2026-07-07T22:04:43.603351,2026-07-07T22:04:43.614945+00:00,132.0,50,bid,,,11364729
2026-07-07T22:04:45.732657,2026-07-07T22:04:45.739922+00:00,132.2,50,bid,,,11364751
2026-07-07T22:04:47.838657,2026-07-07T22:04:47.847686+00:00,132.2,50,bid,,,11364792
2026-07-07T22:04:48.585169,2026-07-07T22:04:48.593880+00:00,132.0,34,ask,,,11364803
2026-07-07T22:04:48.587793,2026-07-07T22:04:48.593880+00:00,132.0,100,ask,,,11364804
2026-07-07T22:04:50.019456,2026-07-07T22:04:50.031118+00:00,132.0,16,ask,,,11364828
2026-07-07T22:04:51.743762,2026-07-07T22:04:51.755310+00:00,131.8,100,ask,,,11364846
2026-07-07T22:04:51.787530,2026-07-07T22:04:51.798001+00:00,131.8,16,bid,,,11364847
2026-07-07T22:04:52.074319,2026-07-07T22:04:52.080078+00:00,131.8,34,bid,,,11364853
2026-07-07T22:04:52.074319,2026-07-07T22:04:52.080078+00:00,132.3,16,bid,,,11364854
2026-07-07T22:04:54.487195,2026-07-07T22:04:54.496573+00:00,131.3,48,ask,,,11364891
2026-07-07T22:04:55.140405,2026-07-07T22:04:55.148494+00:00,132.1,49,bid,,,11364894
2026-07-07T22:04:55.194854,2026-07-07T22:04:55.202337+00:00,131.8,45,ask,,,11364895
2026-07-07T22:04:56.306997,2026-07-07T22:04:56.313563+00:00,132.1,50,bid,,,11364911
2026-07-07T22:04:56.809333,2026-07-07T22:04:56.819030+00:00,132.1,1,bid,,,11364916
2026-07-07T22:04:58.494259,2026-07-07T22:04:58.503046+00:00,131.9,50,ask,,,11364943
2026-07-07T22:04:59.508439,2026-07-07T22:04:59.520021+00:00,131.9,49,ask,,,11364956
2026-07-07T22:05:00.549871,2026-07-07T22:05:00.563961+00:00,132.1,50,bid,,,11364973
2026-07-07T22:05:02.165661,2026-07-07T22:05:02.177075+00:00,132.3,41,bid,,,11364993
2026-07-07T22:05:02.710494,2026-07-07T22:05:02.717691+00:00,132.3,43,bid,,,11365004
2026-07-07T22:05:02.727088,2026-07-07T22:05:02.738696+00:00,132.0,50,ask,,,11365006
2026-07-07T22:05:04.152218,2026-07-07T22:05:04.164077+00:00,132.0,40,ask,,,11365029
2026-07-07T22:05:04.833830,2026-07-07T22:05:04.845741+00:00,131.8,50,ask,,,11365038
2026-07-07T22:05:05.829154,2026-07-07T22:05:05.837401+00:00,132.0,44,bid,,,11365064
2026-07-07T22:05:06.890796,2026-07-07T22:05:06.902413+00:00,132.0,50,bid,,,11365083
2026-07-07T22:05:09.055989,2026-07-07T22:05:09.056498+00:00,131.7,50,ask,,,11365119
2026-07-07T22:05:10.340893,2026-07-07T22:05:10.352319+00:00,131.7,43,ask,,,11365137
2026-07-07T22:05:12.891988,2026-07-07T22:05:12.899695+00:00,132.0,43,bid,,,11365160
2026-07-07T22:05:16.800227,2026-07-07T22:05:16.811248+00:00,131.8,44,ask,,,11365202
2026-07-07T22:05:17.456959,2026-07-07T22:05:17.468692+00:00,131.9,50,bid,,,11365221
2026-07-07T22:05:19.616160,2026-07-07T22:05:19.625243+00:00,131.5,50,ask,,,11365250
2026-07-07T22:05:20.025020,2026-07-07T22:05:20.035531+00:00,131.5,43,ask,,,11365255
2026-07-07T22:05:20.272167,2026-07-07T22:05:20.281514+00:00,131.7,11,bid,,,11365257
2026-07-07T22:05:21.733847,2026-07-07T22:05:21.745494+00:00,131.6,50,ask,,,11365286
2026-07-07T22:05:22.789175,2026-07-07T22:05:22.799960+00:00,131.7,12,bid,,,11365292
2026-07-07T22:05:23.867658,2026-07-07T22:05:23.879957+00:00,131.6,50,ask,,,11365309
2026-07-07T22:05:25.975200,2026-07-07T22:05:25.987001+00:00,131.6,50,ask,,,11365330
2026-07-07T22:05:28.108269,2026-07-07T22:05:28.115705+00:00,131.2,50,ask,,,11365355
2026-07-07T22:05:30.164074,2026-07-07T22:05:30.175849+00:00,131.6,50,bid,,,11365378
2026-07-07T22:05:30.971179,2026-07-07T22:05:30.978495+00:00,131.6,49,bid,,,11365390
2026-07-07T22:05:31.200672,2026-07-07T22:05:31.209210+00:00,131.6,11,bid,,,11365394
2026-07-07T22:05:31.479528,2026-07-07T22:05:31.491368+00:00,131.6,40,bid,,,11365399
2026-07-07T22:05:31.479528,2026-07-07T22:05:31.491368+00:00,131.7,7,bid,,,11365400
2026-07-07T22:05:32.912908,2026-07-07T22:05:32.920172+00:00,131.7,100,ask,,,11365424
2026-07-07T22:05:32.921397,2026-07-07T22:05:32.956883+00:00,131.7,11,ask,,,11365425
2026-07-07T22:05:34.405337,2026-07-07T22:05:34.417168+00:00,132.2,50,bid,,,11365440
2026-07-07T22:05:36.514308,2026-07-07T22:05:36.526095+00:00,131.9,50,bid,,,11365469
2026-07-07T22:05:38.515555,2026-07-07T22:05:38.527168+00:00,131.5,41,ask,,,11365488
2026-07-07T22:05:38.622231,2026-07-07T22:05:38.633771+00:00,131.9,50,bid,,,11365491
2026-07-07T22:05:39.254453,2026-07-07T22:05:39.258603+00:00,132.0,100,ask,,,11365497
2026-07-07T22:05:39.270269,2026-07-07T22:05:39.279347+00:00,132.0,12,ask,,,11365498
2026-07-07T22:05:39.861040,2026-07-07T22:05:39.870357+00:00,132.0,11,ask,,,11365510
2026-07-07T22:05:40.729088,2026-07-07T22:05:40.741186+00:00,132.5,50,bid,,,11365523
2026-07-07T22:05:41.417606,2026-07-07T22:05:41.427293+00:00,132.0,27,ask,,,11365528
2026-07-07T22:05:41.417606,2026-07-07T22:05:41.427293+00:00,131.5,19,ask,,,11365529
2026-07-07T22:05:42.877571,2026-07-07T22:05:42.889188+00:00,132.1,50,bid,,,11365550
2026-07-07T22:05:43.121373,2026-07-07T22:05:43.128373+00:00,132.1,41,bid,,,11365555
2026-07-07T22:05:44.621381,2026-07-07T22:05:44.630720+00:00,131.8,47,ask,,,11365570
2026-07-07T22:05:44.984591,2026-07-07T22:05:44.996285+00:00,132.1,50,bid,,,11365574
2026-07-07T22:05:45.585761,2026-07-07T22:05:45.607447+00:00,132.1,100,ask,,,11365580
2026-07-07T22:05:45.598380,2026-07-07T22:05:45.607447+00:00,132.1,12,ask,,,11365581
2026-07-07T22:05:46.274166,2026-07-07T22:05:46.284582+00:00,132.6,46,bid,,,11365594
2026-07-07T22:05:47.123424,2026-07-07T22:05:47.135778+00:00,132.6,50,bid,,,11365611
2026-07-07T22:05:47.715750,2026-07-07T22:05:47.721978+00:00,132.1,11,ask,,,11365617
2026-07-07T22:05:48.634000,2026-07-07T22:05:48.645641+00:00,132.1,27,ask,,,11365622
2026-07-07T22:05:48.634000,2026-07-07T22:05:48.645641+00:00,131.6,17,ask,,,11365623
2026-07-07T22:05:49.231949,2026-07-07T22:05:49.243669+00:00,132.4,50,bid,,,11365630
2026-07-07T22:05:50.763968,2026-07-07T22:05:50.773280+00:00,132.4,42,bid,,,11365645
2026-07-07T22:05:51.370564,2026-07-07T22:05:51.382430+00:00,132.4,8,bid,,,11365652
2026-07-07T22:05:51.370564,2026-07-07T22:05:51.382430+00:00,132.5,42,bid,,,11365653
2026-07-07T22:05:53.481627,2026-07-07T22:05:53.489432+00:00,132.6,50,bid,,,11365679
2026-07-07T22:05:55.286354,2026-07-07T22:05:55.297917+00:00,132.3,40,ask,,,11365702
2026-07-07T22:05:55.593483,2026-07-07T22:05:55.600453+00:00,132.7,50,bid,,,11365708
2026-07-07T22:05:56.245127,2026-07-07T22:05:56.256659+00:00,132.7,41,bid,,,11365717
2026-07-07T22:05:56.300118,2026-07-07T22:05:56.311908+00:00,132.3,49,ask,,,11365720
2026-07-07T22:05:56.769838,2026-07-07T22:05:56.778972+00:00,132.7,9,bid,,,11365737
2026-07-07T22:05:56.769838,2026-07-07T22:05:56.778972+00:00,132.8,39,bid,,,11365738
2026-07-07T22:05:56.826654,2026-07-07T22:05:56.838304+00:00,132.3,47,ask,,,11365744
2026-07-07T22:05:57.701403,2026-07-07T22:05:57.713118+00:00,132.8,50,bid,,,11365757
2026-07-07T22:05:58.247323,2026-07-07T22:05:58.256549+00:00,132.5,3,ask,,,11365767
2026-07-07T22:05:58.988865,2026-07-07T22:05:59.003532+00:00,132.7,46,bid,,,11365781
2026-07-07T22:05:59.839525,2026-07-07T22:05:59.851217+00:00,132.7,50,bid,,,11365791
2026-07-07T22:06:01.999516,2026-07-07T22:06:02.006724+00:00,132.5,50,ask,,,11365821
2026-07-07T22:06:04.118241,2026-07-07T22:06:04.129319+00:00,132.5,50,ask,,,11365855
2026-07-07T22:06:04.833999,2026-07-07T22:06:04.841057+00:00,132.5,46,ask,,,11365864
2026-07-07T22:06:06.262194,2026-07-07T22:06:06.268788+00:00,132.5,50,ask,,,11365880
2026-07-07T22:06:08.140095,2026-07-07T22:06:08.164376+00:00,132.1,49,ask,,,11365900
2026-07-07T22:06:08.320158,2026-07-07T22:06:08.328671+00:00,132.5,50,bid,,,11365903
2026-07-07T22:06:10.429414,2026-07-07T22:06:10.441355+00:00,132.5,50,bid,,,11365935
2026-07-07T22:06:10.890304,2026-07-07T22:06:10.901943+00:00,132.3,100,ask,,,11365946
2026-07-07T22:06:11.519932,2026-07-07T22:06:11.531656+00:00,132.8,43,bid,,,11365951
2026-07-07T22:06:12.550926,2026-07-07T22:06:12.557553+00:00,132.8,50,bid,,,11365967
2026-07-07T22:06:13.038462,2026-07-07T22:06:13.046119+00:00,132.8,42,bid,,,11365973
2026-07-07T22:06:14.069974,2026-07-07T22:06:14.079147+00:00,133.0,14,ask,,,11365987
2026-07-07T22:06:14.660942,2026-07-07T22:06:14.672667+00:00,133.1,50,bid,,,11365995
2026-07-07T22:06:15.271473,2026-07-07T22:06:15.280064+00:00,133.0,35,ask,,,11365999
2026-07-07T22:06:15.344899,2026-07-07T22:06:15.353322+00:00,133.0,48,ask,,,11366002
2026-07-07T22:06:16.455573,2026-07-07T22:06:16.468908+00:00,133.0,49,ask,,,11366016
2026-07-07T22:06:16.793680,2026-07-07T22:06:16.805225+00:00,133.1,50,bid,,,11366019
2026-07-07T22:06:17.225546,2026-07-07T22:06:17.247997+00:00,132.7,100,ask,,,11366025
2026-07-07T22:06:17.237211,2026-07-07T22:06:17.247997+00:00,132.7,35,bid,,,11366026
2026-07-07T22:06:18.964998,2026-07-07T22:06:18.973924+00:00,132.2,50,ask,,,11366044
2026-07-07T22:06:19.935776,2026-07-07T22:06:19.947699+00:00,132.7,15,bid,,,11366058
2026-07-07T22:06:19.935776,2026-07-07T22:06:19.947699+00:00,133.2,33,bid,,,11366059
2026-07-07T22:06:21.072725,2026-07-07T22:06:21.084287+00:00,132.6,50,ask,,,11366066
2026-07-07T22:06:21.101548,2026-07-07T22:06:21.113008+00:00,133.0,48,bid,,,11366067
2026-07-07T22:06:23.211041,2026-07-07T22:06:23.221248+00:00,132.6,50,ask,,,11366086
2026-07-07T22:06:24.456723,2026-07-07T22:06:24.465490+00:00,132.8,11,bid,,,11366112
2026-07-07T22:06:25.318542,2026-07-07T22:06:25.326211+00:00,132.7,50,ask,,,11366124
2026-07-07T22:06:26.008344,2026-07-07T22:06:26.019993+00:00,132.7,43,ask,,,11366136
2026-07-07T22:06:26.572875,2026-07-07T22:06:26.584452+00:00,132.8,46,bid,,,11366149
2026-07-07T22:06:27.454624,2026-07-07T22:06:27.463591+00:00,132.6,50,ask,,,11366161
2026-07-07T22:06:28.367767,2026-07-07T22:06:28.379529+00:00,132.6,44,ask,,,11366180
2026-07-07T22:06:29.562200,2026-07-07T22:06:29.574026+00:00,132.6,6,ask,,,11366194
2026-07-07T22:06:29.562200,2026-07-07T22:06:29.574026+00:00,132.6,44,ask,,,11366195
2026-07-07T22:06:29.745754,2026-07-07T22:06:29.763884+00:00,132.6,43,ask,,,11366196
2026-07-07T22:06:29.888566,2026-07-07T22:06:29.899070+00:00,132.7,3,bid,,,11366197
2026-07-07T22:06:30.206017,2026-07-07T22:06:30.215385+00:00,132.7,46,bid,,,11366205
2026-07-07T22:06:31.671048,2026-07-07T22:06:31.682698+00:00,132.2,50,ask,,,11366228
2026-07-07T22:06:33.726475,2026-07-07T22:06:33.737890+00:00,132.8,50,bid,,,11366261
2026-07-07T22:06:35.885579,2026-07-07T22:06:35.897088+00:00,132.3,50,ask,,,11366291
2026-07-07T22:06:37.993822,2026-07-07T22:06:38.005317+00:00,132.2,50,ask,,,11366320
2026-07-07T22:06:40.052265,2026-07-07T22:06:40.063971+00:00,132.7,50,bid,,,11366350
2026-07-07T22:06:44.286585,2026-07-07T22:06:44.294094+00:00,132.5,46,bid,,,11366395
2026-07-07T22:06:44.316966,2026-07-07T22:06:44.304691+00:00,132.0,50,ask,,,11366396
2026-07-07T22:06:46.374210,2026-07-07T22:06:46.386255+00:00,132.4,50,bid,,,11366425
2026-07-07T22:06:48.484987,2026-07-07T22:06:48.491732+00:00,132.4,50,bid,,,11366447
2026-07-07T22:06:48.848468,2026-07-07T22:06:48.858545+00:00,132.0,47,ask,,,11366453
2026-07-07T22:06:52.694566,2026-07-07T22:06:52.706392+00:00,132.2,50,bid,,,11366500
2026-07-07T22:06:54.643856,2026-07-07T22:06:54.649877+00:00,132.2,40,bid,,,11366519
2026-07-07T22:06:54.853357,2026-07-07T22:06:54.865351+00:00,131.8,50,ask,,,11366523
2026-07-07T22:06:56.965614,2026-07-07T22:06:56.977265+00:00,132.0,50,ask,,,11366543
2026-07-07T22:06:59.078109,2026-07-07T22:06:59.084846+00:00,131.8,50,ask,,,11366565
2026-07-07T22:07:00.672534,2026-07-07T22:07:00.684470+00:00,132.1,41,bid,,,11366583
2026-07-07T22:07:01.185950,2026-07-07T22:07:01.197680+00:00,131.8,50,ask,,,11366595
2026-07-07T22:07:01.309791,2026-07-07T22:07:01.321382+00:00,131.8,45,ask,,,11366597
2026-07-07T22:07:01.523427,2026-07-07T22:07:01.534959+00:00,131.7,100,ask,,,11366599
2026-07-07T22:07:01.536201,2026-07-07T22:07:01.546217+00:00,131.7,3,bid,,,11366600
2026-07-07T22:07:01.892418,2026-07-07T22:07:01.899458+00:00,131.7,43,bid,,,11366605
2026-07-07T22:07:03.308070,2026-07-07T22:07:03.317308+00:00,131.2,50,ask,,,11366623
2026-07-07T22:07:03.837315,2026-07-07T22:07:03.845724+00:00,131.7,4,bid,,,11366635
2026-07-07T22:07:05.364402,2026-07-07T22:07:05.376087+00:00,132.0,50,bid,,,11366654
2026-07-07T22:07:06.621292,2026-07-07T22:07:06.633039+00:00,131.7,43,ask,,,11366671
2026-07-07T22:07:07.470917,2026-07-07T22:07:07.482297+00:00,132.0,50,bid,,,11366681
2026-07-07T22:07:07.715380,2026-07-07T22:07:07.726964+00:00,132.2,41,bid,,,11366683
2026-07-07T22:07:09.577949,2026-07-07T22:07:09.584457+00:00,132.3,50,bid,,,11366698
2026-07-07T22:07:09.793275,2026-07-07T22:07:09.801535+00:00,131.9,49,ask,,,11366700
2026-07-07T22:07:10.863104,2026-07-07T22:07:10.874728+00:00,131.9,44,ask,,,11366711
2026-07-07T22:07:11.684229,2026-07-07T22:07:11.695632+00:00,132.2,50,bid,,,11366722
2026-07-07T22:07:13.790777,2026-07-07T22:07:13.802711+00:00,132.2,50,bid,,,11366759
2026-07-07T22:07:15.921804,2026-07-07T22:07:15.928433+00:00,132.7,50,bid,,,11366784
2026-07-07T22:07:17.125549,2026-07-07T22:07:17.135816+00:00,132.7,40,bid,,,11366794
2026-07-07T22:07:17.379142,2026-07-07T22:07:17.388503+00:00,132.7,7,ask,,,11366802
2026-07-07T22:07:18.027321,2026-07-07T22:07:18.038977+00:00,132.8,50,bid,,,11366812
2026-07-07T22:07:18.275590,2026-07-07T22:07:18.287657+00:00,132.7,46,ask,,,11366813
2026-07-07T22:07:18.822795,2026-07-07T22:07:18.831598+00:00,132.8,45,bid,,,11366817
2026-07-07T22:07:20.135465,2026-07-07T22:07:20.147091+00:00,132.8,5,bid,,,11366831
2026-07-07T22:07:20.135465,2026-07-07T22:07:20.147091+00:00,133.2,45,bid,,,11366832
2026-07-07T22:07:20.201422,2026-07-07T22:07:20.210110+00:00,132.7,3,ask,,,11366833
2026-07-07T22:07:22.245705,2026-07-07T22:07:22.257202+00:00,133.0,50,bid,,,11366863
2026-07-07T22:07:22.304270,2026-07-07T22:07:22.315762+00:00,132.5,43,ask,,,11366865
2026-07-07T22:07:23.435224,2026-07-07T22:07:23.447065+00:00,132.5,41,ask,,,11366879
2026-07-07T22:07:26.462885,2026-07-07T22:07:26.474254+00:00,132.9,50,bid,,,11366908
2026-07-07T22:07:27.450508,2026-07-07T22:07:27.452762+00:00,132.9,41,bid,,,11366920
2026-07-07T22:07:28.570018,2026-07-07T22:07:28.581779+00:00,132.9,50,bid,,,11366926
2026-07-07T22:07:30.060487,2026-07-07T22:07:30.069538+00:00,132.6,11,ask,,,11366946
2026-07-07T22:07:30.969223,2026-07-07T22:07:30.976154+00:00,132.9,47,bid,,,11366953
2026-07-07T22:07:31.042200,2026-07-07T22:07:31.058575+00:00,132.6,44,ask,,,11366955
2026-07-07T22:07:32.543550,2026-07-07T22:07:32.555268+00:00,132.6,41,ask,,,11366976
2026-07-07T22:07:32.836452,2026-07-07T22:07:32.847983+00:00,132.6,4,ask,,,11366979
2026-07-07T22:07:32.836452,2026-07-07T22:07:32.847983+00:00,132.4,46,ask,,,11366980
2026-07-07T22:07:34.945403,2026-07-07T22:07:34.958596+00:00,132.3,50,ask,,,11367007
2026-07-07T22:07:36.259806,2026-07-07T22:07:36.271464+00:00,132.7,45,bid,,,11367016
2026-07-07T22:07:37.053891,2026-07-07T22:07:37.065399+00:00,132.5,50,ask,,,11367024
2026-07-07T22:07:38.206974,2026-07-07T22:07:38.213906+00:00,132.5,44,ask,,,11367035
2026-07-07T22:07:39.161353,2026-07-07T22:07:39.172847+00:00,132.5,6,ask,,,11367051
2026-07-07T22:07:39.161353,2026-07-07T22:07:39.172847+00:00,132.3,44,ask,,,11367052
2026-07-07T22:07:39.208968,2026-07-07T22:07:39.215935+00:00,132.8,42,bid,,,11367053
2026-07-07T22:07:39.836534,2026-07-07T22:07:39.848368+00:00,132.7,44,bid,,,11367065
2026-07-07T22:07:41.272375,2026-07-07T22:07:41.283813+00:00,132.3,50,ask,,,11367092
2026-07-07T22:07:43.379860,2026-07-07T22:07:43.390873+00:00,132.2,50,ask,,,11367127
2026-07-07T22:07:44.405599,2026-07-07T22:07:44.463602+00:00,132.2,42,ask,,,11367140
2026-07-07T22:07:44.996122,2026-07-07T22:07:45.007269+00:00,132.5,40,bid,,,11367145
2026-07-07T22:07:45.485517,2026-07-07T22:07:45.497323+00:00,132.2,8,ask,,,11367158
2026-07-07T22:07:45.485517,2026-07-07T22:07:45.497323+00:00,132.0,42,ask,,,11367159
2026-07-07T22:07:45.871047,2026-07-07T22:07:45.879592+00:00,132.4,11,bid,,,11367164
2026-07-07T22:07:45.880645,2026-07-07T22:07:45.889025+00:00,132.4,3,bid,,,11367166
2026-07-07T22:07:47.595838,2026-07-07T22:07:47.605366+00:00,132.0,50,ask,,,11367188
2026-07-07T22:07:49.701705,2026-07-07T22:07:49.708313+00:00,131.8,50,ask,,,11367215
2026-07-07T22:07:50.292618,2026-07-07T22:07:50.304561+00:00,132.1,44,bid,,,11367223
2026-07-07T22:07:50.348041,2026-07-07T22:07:50.354537+00:00,131.8,45,ask,,,11367224
2026-07-07T22:07:51.812417,2026-07-07T22:07:51.825457+00:00,131.8,5,ask,,,11367247
2026-07-07T22:07:51.812417,2026-07-07T22:07:51.825457+00:00,131.6,45,ask,,,11367248
2026-07-07T22:07:51.938272,2026-07-07T22:07:51.946493+00:00,131.6,47,ask,,,11367251
2026-07-07T22:07:52.365100,2026-07-07T22:07:52.374676+00:00,131.8,14,bid,,,11367256
2026-07-07T22:07:54.059264,2026-07-07T22:07:54.068909+00:00,131.8,43,bid,,,11367281
2026-07-07T22:07:54.981386,2026-07-07T22:07:54.990091+00:00,131.8,12,bid,,,11367294
2026-07-07T22:07:55.721706,2026-07-07T22:07:55.733588+00:00,132.2,40,bid,,,11367302
2026-07-07T22:07:55.975754,2026-07-07T22:07:55.983259+00:00,132.2,50,bid,,,11367306
2026-07-07T22:07:56.299353,2026-07-07T22:07:56.310151+00:00,131.9,12,ask,,,11367308
2026-07-07T22:07:56.556433,2026-07-07T22:07:56.566432+00:00,131.9,11,ask,,,11367313
2026-07-07T22:07:57.605121,2026-07-07T22:07:57.614396+00:00,131.9,3,ask,,,11367326
2026-07-07T22:07:58.083977,2026-07-07T22:07:58.095751+00:00,132.2,10,bid,,,11367332
2026-07-07T22:07:59.771456,2026-07-07T22:07:59.782764+00:00,131.6,47,ask,,,11367366
2026-07-07T22:08:00.243511,2026-07-07T22:08:00.258532+00:00,131.6,50,ask,,,11367369
2026-07-07T22:08:00.349499,2026-07-07T22:08:00.358573+00:00,131.9,49,bid,,,11367370
2026-07-07T22:08:04.455224,2026-07-07T22:08:04.469226+00:00,131.6,50,ask,,,11367437
2026-07-07T22:08:04.608242,2026-07-07T22:08:04.620262+00:00,131.6,41,ask,,,11367439
2026-07-07T22:08:05.769609,2026-07-07T22:08:05.781484+00:00,131.4,46,ask,,,11367458
2026-07-07T22:08:07.381425,2026-07-07T22:08:07.389643+00:00,131.8,42,bid,,,11367476
2026-07-07T22:08:08.053296,2026-07-07T22:08:08.062937+00:00,131.6,3,bid,,,11367483
2026-07-07T22:08:08.616327,2026-07-07T22:08:08.623000+00:00,131.6,50,bid,,,11367489
2026-07-07T22:08:10.775041,2026-07-07T22:08:10.786694+00:00,131.4,50,ask,,,11367514
2026-07-07T22:08:11.472206,2026-07-07T22:08:11.484170+00:00,131.7,40,bid,,,11367528
2026-07-07T22:08:12.897051,2026-07-07T22:08:12.908480+00:00,131.3,50,ask,,,11367548
2026-07-07T22:08:14.710773,2026-07-07T22:08:14.720982+00:00,131.4,11,bid,,,11367579
2026-07-07T22:08:14.953931,2026-07-07T22:08:14.957210+00:00,131.4,50,bid,,,11367583
2026-07-07T22:08:15.411165,2026-07-07T22:08:15.422690+00:00,131.1,48,ask,,,11367590
2026-07-07T22:08:15.913952,2026-07-07T22:08:15.925168+00:00,131.4,39,bid,,,11367594
2026-07-07T22:08:15.913952,2026-07-07T22:08:15.925168+00:00,131.6,8,bid,,,11367595
2026-07-07T22:08:17.071114,2026-07-07T22:08:17.080275+00:00,131.6,50,bid,,,11367614
2026-07-07T22:08:21.311255,2026-07-07T22:08:21.321313+00:00,131.3,50,bid,,,11367674
2026-07-07T22:08:22.756974,2026-07-07T22:08:22.768631+00:00,130.9,48,ask,,,11367697
2026-07-07T22:08:23.478370,2026-07-07T22:08:23.486115+00:00,130.9,50,ask,,,11367711
2026-07-07T22:08:23.883902,2026-07-07T22:08:23.893090+00:00,131.1,100,ask,,,11367714
2026-07-07T22:08:23.987010,2026-07-07T22:08:23.998552+00:00,131.6,46,bid,,,11367716
2026-07-07T22:08:25.797193,2026-07-07T22:08:25.808888+00:00,131.6,42,bid,,,11367737
2026-07-07T22:08:27.639396,2026-07-07T22:08:27.651071+00:00,131.7,50,bid,,,11367771
2026-07-07T22:08:29.776814,2026-07-07T22:08:29.786641+00:00,131.7,50,bid,,,11367794
2026-07-07T22:08:30.217692,2026-07-07T22:08:30.227569+00:00,131.6,11,ask,,,11367802
2026-07-07T22:08:30.345264,2026-07-07T22:08:30.358595+00:00,131.6,47,ask,,,11367804
2026-07-07T22:08:30.937311,2026-07-07T22:08:30.949387+00:00,131.6,42,ask,,,11367810
2026-07-07T22:08:30.937311,2026-07-07T22:08:30.949387+00:00,131.4,4,ask,,,11367811
2026-07-07T22:08:31.891376,2026-07-07T22:08:31.902862+00:00,131.9,50,bid,,,11367822
2026-07-07T22:08:34.071228,2026-07-07T22:08:34.083063+00:00,131.7,50,ask,,,11367851
2026-07-07T22:08:35.220721,2026-07-07T22:08:35.229442+00:00,132.0,44,bid,,,11367863
2026-07-07T22:08:35.274344,2026-07-07T22:08:35.285738+00:00,131.7,42,ask,,,11367864
2026-07-07T22:08:36.179667,2026-07-07T22:08:36.190142+00:00,131.7,50,ask,,,11367878
2026-07-07T22:08:36.552836,2026-07-07T22:08:36.564527+00:00,131.6,100,ask,,,11367882
2026-07-07T22:08:38.297001,2026-07-07T22:08:38.308477+00:00,131.6,43,bid,,,11367899
2026-07-07T22:08:38.301148,2026-07-07T22:08:38.308477+00:00,131.1,50,ask,,,11367900
2026-07-07T22:08:40.408520,2026-07-07T22:08:40.420111+00:00,131.4,50,ask,,,11367922
2026-07-07T22:08:42.538372,2026-07-07T22:08:42.549993+00:00,131.4,50,ask,,,11367947
2026-07-07T22:08:42.959787,2026-07-07T22:08:42.971391+00:00,130.9,43,ask,,,11367951
2026-07-07T22:08:44.645143,2026-07-07T22:08:44.656783+00:00,130.9,50,ask,,,11367974
2026-07-07T22:08:46.784128,2026-07-07T22:08:46.795919+00:00,130.6,50,ask,,,11368005
2026-07-07T22:08:48.785388,2026-07-07T22:08:48.793841+00:00,131.1,23,bid,,,11368031
2026-07-07T22:08:48.891578,2026-07-07T22:08:48.903186+00:00,130.6,50,ask,,,11368033
2026-07-07T22:08:49.949097,2026-07-07T22:08:49.954335+00:00,130.8,41,ask,,,11368051
2026-07-07T22:08:51.002762,2026-07-07T22:08:51.014393+00:00,130.8,50,ask,,,11368062
2026-07-07T22:08:51.404680,2026-07-07T22:08:51.414742+00:00,130.8,12,ask,,,11368067
2026-07-07T22:08:52.399600,2026-07-07T22:08:52.409626+00:00,130.4,35,bid,,,11368080
2026-07-07T22:08:55.162044,2026-07-07T22:08:55.207471+00:00,130.4,50,bid,,,11368114
2026-07-07T22:08:57.268690,2026-07-07T22:08:57.280112+00:00,130.4,50,bid,,,11368143
2026-07-07T22:08:57.566493,2026-07-07T22:08:57.577706+00:00,130.4,47,bid,,,11368152
2026-07-07T22:08:59.375440,2026-07-07T22:08:59.386869+00:00,130.6,50,bid,,,11368177
2026-07-07T22:09:01.497704,2026-07-07T22:09:01.509573+00:00,130.6,50,bid,,,11368209
2026-07-07T22:09:01.709549,2026-07-07T22:09:01.721538+00:00,130.6,48,bid,,,11368210
2026-07-07T22:09:01.892735,2026-07-07T22:09:01.901903+00:00,130.7,35,ask,,,11368211
2026-07-07T22:09:01.909208,2026-07-07T22:09:01.917570+00:00,130.7,100,ask,,,11368213
2026-07-07T22:09:03.655468,2026-07-07T22:09:03.667240+00:00,130.7,15,ask,,,11368242
2026-07-07T22:09:03.655468,2026-07-07T22:09:03.667240+00:00,130.2,35,ask,,,11368243
2026-07-07T22:09:05.755986,2026-07-07T22:09:05.767837+00:00,130.7,46,bid,,,11368265
2026-07-07T22:09:05.764736,2026-07-07T22:09:05.772857+00:00,130.5,50,ask,,,11368266
2026-07-07T22:09:06.859894,2026-07-07T22:09:06.868552+00:00,130.7,12,bid,,,11368275
2026-07-07T22:09:07.627934,2026-07-07T22:09:07.638063+00:00,130.5,45,ask,,,11368284
2026-07-07T22:09:09.975780,2026-07-07T22:09:09.987138+00:00,130.5,50,ask,,,11368313
2026-07-07T22:09:10.288141,2026-07-07T22:09:10.299822+00:00,130.5,45,ask,,,11368315
2026-07-07T22:09:12.030959,2026-07-07T22:09:12.041537+00:00,130.6,50,bid,,,11368338
2026-07-07T22:09:14.188849,2026-07-07T22:09:14.197656+00:00,130.2,50,ask,,,11368359
2026-07-07T22:09:16.185668,2026-07-07T22:09:16.197230+00:00,130.5,42,bid,,,11368386
2026-07-07T22:09:16.298906,2026-07-07T22:09:16.307831+00:00,130.3,50,ask,,,11368388
2026-07-07T22:09:16.704209,2026-07-07T22:09:16.715668+00:00,130.5,44,bid,,,11368393
2026-07-07T22:09:17.606413,2026-07-07T22:09:17.625366+00:00,130.5,11,bid,,,11368402
2026-07-07T22:09:18.406315,2026-07-07T22:09:18.417871+00:00,130.3,50,ask,,,11368416
2026-07-07T22:09:18.918706,2026-07-07T22:09:18.925678+00:00,130.3,47,ask,,,11368425
2026-07-07T22:09:19.553490,2026-07-07T22:09:19.565090+00:00,130.5,40,bid,,,11368442
2026-07-07T22:09:20.264854,2026-07-07T22:09:20.273575+00:00,130.5,23,bid,,,11368456
2026-07-07T22:09:20.522755,2026-07-07T22:09:20.539684+00:00,130.3,3,ask,,,11368458
2026-07-07T22:09:20.522755,2026-07-07T22:09:20.539684+00:00,130.0,47,ask,,,11368459
2026-07-07T22:09:21.576515,2026-07-07T22:09:21.586165+00:00,130.4,11,ask,,,11368474
2026-07-07T22:09:22.637419,2026-07-07T22:09:22.647376+00:00,130.4,50,ask,,,11368485
2026-07-07T22:09:22.689766,2026-07-07T22:09:22.700612+00:00,130.4,43,ask,,,11368486
2026-07-07T22:09:24.059931,2026-07-07T22:09:24.070554+00:00,130.3,22,bid,,,11368504
2026-07-07T22:09:24.694447,2026-07-07T22:09:24.702272+00:00,130.3,50,bid,,,11368513
2026-07-07T22:09:26.856081,2026-07-07T22:09:26.867729+00:00,130.1,50,ask,,,11368545
2026-07-07T22:09:31.030067,2026-07-07T22:09:31.038447+00:00,130.4,50,bid,,,11368598
2026-07-07T22:09:33.001629,2026-07-07T22:09:33.013357+00:00,130.4,47,bid,,,11368632
2026-07-07T22:09:33.381253,2026-07-07T22:09:33.390538+00:00,130.4,3,bid,,,11368636
2026-07-07T22:09:33.391570,2026-07-07T22:09:33.400256+00:00,130.5,9,bid,,,11368638
2026-07-07T22:09:33.551552,2026-07-07T22:09:33.563306+00:00,130.7,12,ask,,,11368640
2026-07-07T22:09:35.238318,2026-07-07T22:09:35.245645+00:00,131.0,50,bid,,,11368662
2026-07-07T22:09:35.403270,2026-07-07T22:09:35.412343+00:00,130.7,47,ask,,,11368664
2026-07-07T22:09:35.945517,2026-07-07T22:09:35.955007+00:00,131.0,40,bid,,,11368678
2026-07-07T22:09:37.964400,2026-07-07T22:09:37.975774+00:00,130.8,42,ask,,,11368704
2026-07-07T22:09:38.331866,2026-07-07T22:09:38.340852+00:00,130.8,11,ask,,,11368710
2026-07-07T22:09:38.603464,2026-07-07T22:09:38.615189+00:00,130.9,49,bid,,,11368713
2026-07-07T22:09:39.196793,2026-07-07T22:09:39.207973+00:00,130.8,46,ask,,,11368721
2026-07-07T22:09:39.499708,2026-07-07T22:09:39.508569+00:00,130.8,50,ask,,,11368726
2026-07-07T22:09:42.109880,2026-07-07T22:09:42.121137+00:00,130.7,43,ask,,,11368761
2026-07-07T22:09:43.659028,2026-07-07T22:09:43.670615+00:00,130.8,50,bid,,,11368779
2026-07-07T22:09:45.725285,2026-07-07T22:09:45.736791+00:00,130.8,45,bid,,,11368799
2026-07-07T22:09:45.774705,2026-07-07T22:09:45.786313+00:00,130.8,50,bid,,,11368800
2026-07-07T22:09:47.233616,2026-07-07T22:09:47.244017+00:00,131.0,45,bid,,,11368820
2026-07-07T22:09:47.859506,2026-07-07T22:09:47.907615+00:00,130.8,11,ask,,,11368826
2026-07-07T22:09:47.893959,2026-07-07T22:09:47.907615+00:00,131.0,50,bid,,,11368827
2026-07-07T22:09:50.005692,2026-07-07T22:09:50.014039+00:00,131.2,50,bid,,,11368854
2026-07-07T22:09:50.804122,2026-07-07T22:09:50.812299+00:00,130.8,42,ask,,,11368866
2026-07-07T22:09:52.143463,2026-07-07T22:09:52.158564+00:00,131.2,50,bid,,,11368875
2026-07-07T22:09:52.833732,2026-07-07T22:09:52.843281+00:00,130.8,42,ask,,,11368880
2026-07-07T22:09:53.460701,2026-07-07T22:09:53.468919+00:00,130.9,48,bid,,,11368895
2026-07-07T22:09:54.249455,2026-07-07T22:09:54.255747+00:00,130.9,50,bid,,,11368905
2026-07-07T22:09:54.957295,2026-07-07T22:09:54.969029+00:00,130.8,46,ask,,,11368910
2026-07-07T22:09:55.713987,2026-07-07T22:09:55.721045+00:00,131.1,12,ask,,,11368925
2026-07-07T22:09:55.756614,2026-07-07T22:09:55.765519+00:00,131.1,11,ask,,,11368929
2026-07-07T22:09:56.365073,2026-07-07T22:09:56.379314+00:00,131.3,50,bid,,,11368937
2026-07-07T22:09:57.615371,2026-07-07T22:09:57.622953+00:00,131.3,40,bid,,,11368952
2026-07-07T22:09:58.477278,2026-07-07T22:09:58.485691+00:00,131.3,10,bid,,,11368966
2026-07-07T22:09:58.477278,2026-07-07T22:09:58.485691+00:00,131.6,40,bid,,,11368967
2026-07-07T22:10:00.611466,2026-07-07T22:10:00.620609+00:00,131.5,50,bid,,,11368997
2026-07-07T22:10:02.059652,2026-07-07T22:10:02.069796+00:00,131.3,12,ask,,,11369014
2026-07-07T22:10:02.725313,2026-07-07T22:10:02.736850+00:00,131.6,50,bid,,,11369020
2026-07-07T22:10:04.851335,2026-07-07T22:10:04.852840+00:00,131.6,50,bid,,,11369043
2026-07-07T22:10:05.214006,2026-07-07T22:10:05.222886+00:00,131.6,11,ask,,,11369053
2026-07-07T22:10:05.821104,2026-07-07T22:10:05.832683+00:00,131.6,49,ask,,,11369059
2026-07-07T22:10:06.189348,2026-07-07T22:10:06.198826+00:00,131.6,3,ask,,,11369062
2026-07-07T22:10:06.343025,2026-07-07T22:10:06.358564+00:00,131.6,37,ask,,,11369069
2026-07-07T22:10:06.343025,2026-07-07T22:10:06.358564+00:00,131.4,12,ask,,,11369070
2026-07-07T22:10:07.294868,2026-07-07T22:10:07.306470+00:00,131.9,47,bid,,,11369083
2026-07-07T22:10:08.830707,2026-07-07T22:10:08.842086+00:00,131.4,40,ask,,,11369106
2026-07-07T22:10:11.228265,2026-07-07T22:10:11.240142+00:00,131.4,50,ask,,,11369135
2026-07-07T22:10:13.287355,2026-07-07T22:10:13.295723+00:00,131.6,50,bid,,,11369167
2026-07-07T22:10:15.394823,2026-07-07T22:10:15.406638+00:00,131.8,50,bid,,,11369198
2026-07-07T22:10:17.563015,2026-07-07T22:10:17.574464+00:00,131.5,50,ask,,,11369227
2026-07-07T22:10:19.844948,2026-07-07T22:10:19.858591+00:00,131.7,44,bid,,,11369253
2026-07-07T22:10:21.729284,2026-07-07T22:10:21.741052+00:00,131.8,50,bid,,,11369270
2026-07-07T22:10:22.366746,2026-07-07T22:10:22.378871+00:00,131.8,48,bid,,,11369277
2026-07-07T22:10:23.445864,2026-07-07T22:10:23.457183+00:00,131.4,45,ask,,,11369291
2026-07-07T22:10:23.890290,2026-07-07T22:10:23.901891+00:00,131.4,50,ask,,,11369296
2026-07-07T22:10:24.189247,2026-07-07T22:10:24.200747+00:00,131.6,100,ask,,,11369299
2026-07-07T22:10:25.464990,2026-07-07T22:10:25.476744+00:00,131.6,45,ask,,,11369313
2026-07-07T22:10:25.948155,2026-07-07T22:10:25.959861+00:00,132.1,50,bid,,,11369326
2026-07-07T22:10:28.055563,2026-07-07T22:10:28.067323+00:00,131.8,50,bid,,,11369365
2026-07-07T22:10:30.164968,2026-07-07T22:10:30.173143+00:00,131.8,50,bid,,,11369395
2026-07-07T22:10:30.723184,2026-07-07T22:10:30.735028+00:00,131.7,43,bid,,,11369401
2026-07-07T22:10:32.327931,2026-07-07T22:10:32.334660+00:00,131.6,50,ask,,,11369425
2026-07-07T22:10:33.835417,2026-07-07T22:10:33.847079+00:00,131.4,46,ask,,,11369445
2026-07-07T22:10:34.434714,2026-07-07T22:10:34.446499+00:00,131.4,50,ask,,,11369457
2026-07-07T22:10:36.541253,2026-07-07T22:10:36.558562+00:00,131.4,4,ask,,,11369473
2026-07-07T22:10:36.541253,2026-07-07T22:10:36.558562+00:00,131.4,46,ask,,,11369474
2026-07-07T22:10:37.609476,2026-07-07T22:10:37.616706+00:00,131.7,45,bid,,,11369489
2026-07-07T22:10:38.174776,2026-07-07T22:10:38.184769+00:00,131.7,41,bid,,,11369493
2026-07-07T22:10:38.656027,2026-07-07T22:10:38.658129+00:00,131.3,50,ask,,,11369500
2026-07-07T22:10:40.418351,2026-07-07T22:10:40.430007+00:00,131.6,46,ask,,,11369526
2026-07-07T22:10:40.768106,2026-07-07T22:10:40.776729+00:00,131.6,50,ask,,,11369534
2026-07-07T22:10:42.875170,2026-07-07T22:10:42.884373+00:00,131.6,4,ask,,,11369563
2026-07-07T22:10:42.875170,2026-07-07T22:10:42.884373+00:00,131.2,46,ask,,,11369564
2026-07-07T22:10:43.208104,2026-07-07T22:10:43.216788+00:00,131.8,48,bid,,,11369566
2026-07-07T22:10:44.816192,2026-07-07T22:10:44.828102+00:00,131.6,49,bid,,,11369583
2026-07-07T22:10:45.540082,2026-07-07T22:10:45.549375+00:00,131.6,3,bid,,,11369597
2026-07-07T22:10:47.036146,2026-07-07T22:10:47.047736+00:00,132.0,50,bid,,,11369614
2026-07-07T22:10:47.487204,2026-07-07T22:10:47.493877+00:00,131.6,47,ask,,,11369618
2026-07-07T22:10:49.196668,2026-07-07T22:10:49.203922+00:00,131.6,50,ask,,,11369641
2026-07-07T22:10:51.304097,2026-07-07T22:10:51.315610+00:00,131.5,50,ask,,,11369667
2026-07-07T22:10:53.416316,2026-07-07T22:10:53.423458+00:00,131.3,50,ask,,,11369697
2026-07-07T22:10:54.762943,2026-07-07T22:10:54.774658+00:00,131.6,42,bid,,,11369712
2026-07-07T22:10:55.522936,2026-07-07T22:10:55.534912+00:00,131.3,50,ask,,,11369720
2026-07-07T22:10:57.631069,2026-07-07T22:10:57.642634+00:00,131.4,50,ask,,,11369746
2026-07-07T22:10:58.237464,2026-07-07T22:10:58.246189+00:00,131.5,11,bid,,,11369753
2026-07-07T22:10:59.749719,2026-07-07T22:10:59.758603+00:00,131.3,50,ask,,,11369779
2026-07-07T22:11:01.563521,2026-07-07T22:11:01.575269+00:00,131.3,46,ask,,,11369798
2026-07-07T22:11:01.865616,2026-07-07T22:11:01.870600+00:00,131.3,4,ask,,,11369804
2026-07-07T22:11:01.865616,2026-07-07T22:11:01.870600+00:00,131.1,46,ask,,,11369805
2026-07-07T22:11:02.211271,2026-07-07T22:11:02.221204+00:00,131.2,12,bid,,,11369809
2026-07-07T22:11:02.567840,2026-07-07T22:11:02.579608+00:00,131.2,43,bid,,,11369812
2026-07-07T22:11:02.603152,2026-07-07T22:11:02.611498+00:00,131.2,23,bid,,,11369814
2026-07-07T22:11:03.102376,2026-07-07T22:11:03.112154+00:00,130.8,49,ask,,,11369823
2026-07-07T22:11:03.972959,2026-07-07T22:11:03.984473+00:00,130.8,50,ask,,,11369829
2026-07-07T22:11:05.361306,2026-07-07T22:11:05.370647+00:00,131.1,100,ask,,,11369848
2026-07-07T22:11:06.801731,2026-07-07T22:11:06.810464+00:00,131.1,47,ask,,,11369869
2026-07-07T22:11:07.270686,2026-07-07T22:11:07.282290+00:00,131.6,44,bid,,,11369883
2026-07-07T22:11:08.188794,2026-07-07T22:11:08.198756+00:00,131.1,3,ask,,,11369892
2026-07-07T22:11:08.188794,2026-07-07T22:11:08.198756+00:00,130.6,47,ask,,,11369893
2026-07-07T22:11:11.487505,2026-07-07T22:11:11.494947+00:00,131.5,40,bid,,,11369952
2026-07-07T22:11:13.563262,2026-07-07T22:11:13.574846+00:00,130.7,48,ask,,,11369982
2026-07-07T22:11:14.406789,2026-07-07T22:11:14.415535+00:00,131.0,11,bid,,,11369992
2026-07-07T22:11:15.075640,2026-07-07T22:11:15.085346+00:00,131.2,44,bid,,,11370004
2026-07-07T22:11:15.592008,2026-07-07T22:11:15.603599+00:00,131.2,46,bid,,,11370010
2026-07-07T22:11:16.637873,2026-07-07T22:11:16.649680+00:00,130.7,50,ask,,,11370024
2026-07-07T22:11:19.415041,2026-07-07T22:11:19.424859+00:00,130.8,41,ask,,,11370054
2026-07-07T22:11:20.094407,2026-07-07T22:11:20.104088+00:00,131.2,43,bid,,,11370065
2026-07-07T22:11:20.648277,2026-07-07T22:11:20.655136+00:00,130.8,41,ask,,,11370069
2026-07-07T22:11:20.803362,2026-07-07T22:11:20.812389+00:00,131.2,50,bid,,,11370071
2026-07-07T22:11:20.982495,2026-07-07T22:11:20.992424+00:00,131.2,11,bid,,,11370074
2026-07-07T22:11:21.190643,2026-07-07T22:11:21.202297+00:00,131.4,100,ask,,,11370077
2026-07-07T22:11:21.208377,2026-07-07T22:11:21.217413+00:00,131.4,11,ask,,,11370078
2026-07-07T22:11:22.911619,2026-07-07T22:11:22.923296+00:00,131.9,50,bid,,,11370095
2026-07-07T22:11:26.162021,2026-07-07T22:11:26.169024+00:00,131.2,40,ask,,,11370130
2026-07-07T22:11:27.188468,2026-07-07T22:11:27.196349+00:00,131.2,50,ask,,,11370141
2026-07-07T22:11:29.243977,2026-07-07T22:11:29.253114+00:00,131.5,50,bid,,,11370175
2026-07-07T22:11:31.353765,2026-07-07T22:11:31.356206+00:00,131.7,50,bid,,,11370199
2026-07-07T22:11:33.489487,2026-07-07T22:11:33.496387+00:00,131.7,50,bid,,,11370218
2026-07-07T22:11:34.674834,2026-07-07T22:11:34.686167+00:00,131.9,41,bid,,,11370230
2026-07-07T22:11:34.728986,2026-07-07T22:11:34.736395+00:00,131.6,47,ask,,,11370232
2026-07-07T22:11:35.349533,2026-07-07T22:11:35.361266+00:00,131.6,47,ask,,,11370244
2026-07-07T22:11:35.594915,2026-07-07T22:11:35.605901+00:00,131.9,50,bid,,,11370249
2026-07-07T22:11:36.712403,2026-07-07T22:11:36.724094+00:00,131.9,46,bid,,,11370264
2026-07-07T22:11:37.002610,2026-07-07T22:11:37.011820+00:00,131.8,100,ask,,,11370271
2026-07-07T22:11:37.023365,2026-07-07T22:11:37.032267+00:00,131.8,23,ask,,,11370272
2026-07-07T22:11:37.651104,2026-07-07T22:11:37.658586+00:00,131.8,27,ask,,,11370277
2026-07-07T22:11:37.701540,2026-07-07T22:11:37.713411+00:00,132.3,50,bid,,,11370278
2026-07-07T22:11:39.808515,2026-07-07T22:11:39.820367+00:00,132.3,50,bid,,,11370305
2026-07-07T22:11:40.225110,2026-07-07T22:11:40.236876+00:00,132.4,42,bid,,,11370307
2026-07-07T22:11:41.916685,2026-07-07T22:11:41.927701+00:00,132.4,50,bid,,,11370330
2026-07-07T22:11:43.799581,2026-07-07T22:11:43.811231+00:00,132.0,41,ask,,,11370354
2026-07-07T22:11:44.023129,2026-07-07T22:11:44.034771+00:00,132.4,50,bid,,,11370356
2026-07-07T22:11:45.527353,2026-07-07T22:11:45.535734+00:00,132.0,11,ask,,,11370380
2026-07-07T22:11:46.131081,2026-07-07T22:11:46.139636+00:00,132.4,50,bid,,,11370387
2026-07-07T22:11:46.507207,2026-07-07T22:11:46.516134+00:00,132.1,12,ask,,,11370395
2026-07-07T22:11:48.237523,2026-07-07T22:11:48.249010+00:00,132.2,50,bid,,,11370421
2026-07-07T22:11:49.147678,2026-07-07T22:11:49.158584+00:00,132.2,42,bid,,,11370436
2026-07-07T22:11:49.675417,2026-07-07T22:11:49.683744+00:00,132.3,11,ask,,,11370443
2026-07-07T22:11:49.848806,2026-07-07T22:11:49.858062+00:00,132.3,3,ask,,,11370446
2026-07-07T22:11:50.347096,2026-07-07T22:11:50.354229+00:00,132.7,50,bid,,,11370451
2026-07-07T22:11:50.935091,2026-07-07T22:11:50.942803+00:00,132.3,48,ask,,,11370458
2026-07-07T22:11:52.459631,2026-07-07T22:11:52.469086+00:00,132.7,50,bid,,,11370483
2026-07-07T22:11:52.830860,2026-07-07T22:11:52.839422+00:00,132.3,100,ask,,,11370486
2026-07-07T22:11:54.590930,2026-07-07T22:11:54.602392+00:00,131.8,43,ask,,,11370507
2026-07-07T22:11:56.722778,2026-07-07T22:11:56.734226+00:00,132.1,50,ask,,,11370533
2026-07-07T22:11:58.836906,2026-07-07T22:11:58.847712+00:00,132.1,50,ask,,,11370565
2026-07-07T22:12:02.951312,2026-07-07T22:12:02.960895+00:00,131.7,3,bid,,,11370618
2026-07-07T22:12:02.995980,2026-07-07T22:12:03.007416+00:00,131.7,50,bid,,,11370622
2026-07-07T22:12:05.106196,2026-07-07T22:12:05.117490+00:00,131.7,50,bid,,,11370651
2026-07-07T22:12:05.367963,2026-07-07T22:12:05.376003+00:00,131.7,47,bid,,,11370655
2026-07-07T22:12:05.367963,2026-07-07T22:12:05.376003+00:00,132.0,1,bid,,,11370656
2026-07-07T22:12:05.499279,2026-07-07T22:12:05.508439+00:00,131.8,3,ask,,,11370658
2026-07-07T22:12:07.213552,2026-07-07T22:12:07.225409+00:00,132.0,50,bid,,,11370679
2026-07-07T22:12:08.190248,2026-07-07T22:12:08.198811+00:00,131.8,3,ask,,,11370684
2026-07-07T22:12:08.716277,2026-07-07T22:12:08.725203+00:00,131.5,43,ask,,,11370693
2026-07-07T22:12:09.322200,2026-07-07T22:12:09.334060+00:00,131.9,50,bid,,,11370698
2026-07-07T22:12:11.443192,2026-07-07T22:12:11.455851+00:00,131.9,50,bid,,,11370729
2026-07-07T22:12:13.480049,2026-07-07T22:12:13.489189+00:00,131.6,23,ask,,,11370757
2026-07-07T22:12:13.556905,2026-07-07T22:12:13.568468+00:00,131.7,50,bid,,,11370759
2026-07-07T22:12:14.594813,2026-07-07T22:12:14.601721+00:00,131.6,42,ask,,,11370779
2026-07-07T22:12:15.641941,2026-07-07T22:12:15.648620+00:00,131.6,45,bid,,,11370793
2026-07-07T22:12:15.664146,2026-07-07T22:12:15.675651+00:00,131.6,50,bid,,,11370795
2026-07-07T22:12:19.930209,2026-07-07T22:12:19.941846+00:00,131.5,50,ask,,,11370836
2026-07-07T22:12:20.723576,2026-07-07T22:12:20.735312+00:00,131.5,42,ask,,,11370845
2026-07-07T22:12:22.038810,2026-07-07T22:12:22.050410+00:00,131.3,50,ask,,,11370864
2026-07-07T22:12:22.659634,2026-07-07T22:12:22.669865+00:00,131.7,23,bid,,,11370874
2026-07-07T22:12:24.183206,2026-07-07T22:12:24.192505+00:00,131.3,50,ask,,,11370896
2026-07-07T22:12:24.213522,2026-07-07T22:12:24.225022+00:00,131.7,48,bid,,,11370897
2026-07-07T22:12:24.504077,2026-07-07T22:12:24.515631+00:00,131.5,100,ask,,,11370898
2026-07-07T22:12:24.516777,2026-07-07T22:12:24.525860+00:00,131.4,3,bid,,,11370899
2026-07-07T22:12:24.726017,2026-07-07T22:12:24.734767+00:00,131.4,45,bid,,,11370907
2026-07-07T22:12:25.798934,2026-07-07T22:12:25.810707+00:00,130.9,42,ask,,,11370918
2026-07-07T22:12:29.018858,2026-07-07T22:12:29.030360+00:00,131.8,43,bid,,,11370960
2026-07-07T22:12:30.968143,2026-07-07T22:12:30.979624+00:00,131.7,48,bid,,,11370988
2026-07-07T22:12:32.799871,2026-07-07T22:12:32.811233+00:00,131.4,47,ask,,,11371018
2026-07-07T22:12:33.323063,2026-07-07T22:12:33.333493+00:00,131.7,46,bid,,,11371024
2026-07-07T22:12:34.751264,2026-07-07T22:12:34.757750+00:00,131.7,50,ask,,,11371046
2026-07-07T22:12:35.764961,2026-07-07T22:12:35.773841+00:00,131.7,3,ask,,,11371059
2026-07-07T22:12:36.888444,2026-07-07T22:12:36.907415+00:00,131.7,50,ask,,,11371070
2026-07-07T22:12:38.945148,2026-07-07T22:12:38.956703+00:00,131.7,50,bid,,,11371091
2026-07-07T22:12:39.689427,2026-07-07T22:12:39.698539+00:00,131.7,3,bid,,,11371105
2026-07-07T22:12:41.118099,2026-07-07T22:12:41.127168+00:00,131.6,50,ask,,,11371118
2026-07-07T22:12:42.542978,2026-07-07T22:12:42.558579+00:00,131.6,41,ask,,,11371134
2026-07-07T22:12:43.223369,2026-07-07T22:12:43.232800+00:00,131.6,50,ask,,,11371143
2026-07-07T22:12:44.519681,2026-07-07T22:12:44.526101+00:00,131.5,49,bid,,,11371162
2026-07-07T22:12:45.344420,2026-07-07T22:12:45.353271+00:00,131.4,50,ask,,,11371171
2026-07-07T22:12:45.629434,2026-07-07T22:12:45.637552+00:00,131.5,49,bid,,,11371177
2026-07-07T22:12:45.683078,2026-07-07T22:12:45.694598+00:00,131.4,48,ask,,,11371179
2026-07-07T22:12:46.512430,2026-07-07T22:12:46.528413+00:00,131.5,3,bid,,,11371193
2026-07-07T22:12:46.660397,2026-07-07T22:12:46.669931+00:00,131.6,40,ask,,,11371199
2026-07-07T22:12:47.453091,2026-07-07T22:12:47.456252+00:00,131.6,50,ask,,,11371212
2026-07-07T22:12:48.865334,2026-07-07T22:12:48.873504+00:00,131.6,3,ask,,,11371231
2026-07-07T22:12:49.534323,2026-07-07T22:12:49.543841+00:00,131.8,50,bid,,,11371242
2026-07-07T22:12:50.170196,2026-07-07T22:12:50.179982+00:00,131.8,3,bid,,,11371252
2026-07-07T22:12:51.691664,2026-07-07T22:12:51.703310+00:00,131.6,50,ask,,,11371270
2026-07-07T22:12:53.803801,2026-07-07T22:12:53.811097+00:00,131.6,50,ask,,,11371297
2026-07-07T22:12:55.909627,2026-07-07T22:12:55.921068+00:00,131.6,50,ask,,,11371328
2026-07-07T22:12:58.016518,2026-07-07T22:12:58.026236+00:00,131.5,50,ask,,,11371352
2026-07-07T22:13:00.123867,2026-07-07T22:13:00.135589+00:00,131.3,50,ask,,,11371369
2026-07-07T22:13:02.249274,2026-07-07T22:13:02.255259+00:00,131.3,50,ask,,,11371389
2026-07-07T22:13:02.469912,2026-07-07T22:13:02.479198+00:00,131.6,23,bid,,,11371390
2026-07-07T22:13:04.011154,2026-07-07T22:13:04.022745+00:00,131.6,49,bid,,,11371406
2026-07-07T22:13:04.357083,2026-07-07T22:13:04.368492+00:00,131.4,50,ask,,,11371411
2026-07-07T22:13:04.595196,2026-07-07T22:13:04.604064+00:00,131.6,23,bid,,,11371416
2026-07-07T22:13:06.758487,2026-07-07T22:13:06.769898+00:00,131.5,40,ask,,,11371441
2026-07-07T22:13:08.426497,2026-07-07T22:13:08.438859+00:00,131.8,47,bid,,,11371459
2026-07-07T22:13:08.595239,2026-07-07T22:13:08.606618+00:00,131.5,50,ask,,,11371464
2026-07-07T22:13:10.651026,2026-07-07T22:13:10.657523+00:00,131.8,50,bid,,,11371484
2026-07-07T22:13:12.584683,2026-07-07T22:13:12.596347+00:00,132.1,40,bid,,,11371508
2026-07-07T22:13:12.639797,2026-07-07T22:13:12.651410+00:00,131.7,46,ask,,,11371509
2026-07-07T22:13:14.700918,2026-07-07T22:13:14.710302+00:00,131.7,48,ask,,,11371542
2026-07-07T22:13:14.921135,2026-07-07T22:13:14.933185+00:00,131.7,50,ask,,,11371546
2026-07-07T22:13:15.115900,2026-07-07T22:13:15.133905+00:00,131.7,100,ask,,,11371551
2026-07-07T22:13:15.124959,2026-07-07T22:13:15.133905+00:00,131.6,22,bid,,,11371552
2026-07-07T22:13:15.259665,2026-07-07T22:13:15.271672+00:00,131.6,28,bid,,,11371556
2026-07-07T22:13:15.259665,2026-07-07T22:13:15.271672+00:00,132.2,14,bid,,,11371557
2026-07-07T22:13:15.725302,2026-07-07T22:13:15.736789+00:00,132.2,40,bid,,,11371561
2026-07-07T22:13:16.978122,2026-07-07T22:13:16.989766+00:00,132.2,46,bid,,,11371583
2026-07-07T22:13:18.452436,2026-07-07T22:13:18.464059+00:00,131.6,45,ask,,,11371601
2026-07-07T22:13:19.087762,2026-07-07T22:13:19.099485+00:00,132.1,50,bid,,,11371609
2026-07-07T22:13:20.032021,2026-07-07T22:13:20.040501+00:00,131.6,42,ask,,,11371621
2026-07-07T22:13:20.523621,2026-07-07T22:13:20.534727+00:00,132.1,40,bid,,,11371630
2026-07-07T22:13:21.016307,2026-07-07T22:13:21.025657+00:00,131.6,11,ask,,,11371636
2026-07-07T22:13:21.196261,2026-07-07T22:13:21.208074+00:00,132.1,10,bid,,,11371643
2026-07-07T22:13:21.196261,2026-07-07T22:13:21.208074+00:00,132.1,40,bid,,,11371644
2026-07-07T22:13:21.448113,2026-07-07T22:13:21.458887+00:00,131.7,11,ask,,,11371647
2026-07-07T22:13:22.262239,2026-07-07T22:13:22.273986+00:00,131.7,40,ask,,,11371659
2026-07-07T22:13:22.826358,2026-07-07T22:13:22.834888+00:00,131.7,12,ask,,,11371668
2026-07-07T22:13:25.401230,2026-07-07T22:13:25.412647+00:00,131.8,46,bid,,,11371697
2026-07-07T22:13:25.410682,2026-07-07T22:13:25.417986+00:00,131.8,50,bid,,,11371698
2026-07-07T22:13:27.518605,2026-07-07T22:13:27.530620+00:00,131.8,50,bid,,,11371722
2026-07-07T22:13:27.680103,2026-07-07T22:13:27.690105+00:00,131.8,4,bid,,,11371726
2026-07-07T22:13:27.680103,2026-07-07T22:13:27.690105+00:00,131.9,43,bid,,,11371727
2026-07-07T22:13:27.794115,2026-07-07T22:13:27.812293+00:00,131.9,100,ask,,,11371730
2026-07-07T22:13:27.801719,2026-07-07T22:13:27.812293+00:00,131.9,34,ask,,,11371731
2026-07-07T22:13:29.518083,2026-07-07T22:13:29.529899+00:00,131.9,3,ask,,,11371746
2026-07-07T22:13:29.632417,2026-07-07T22:13:29.645045+00:00,132.4,50,bid,,,11371750
2026-07-07T22:13:31.793325,2026-07-07T22:13:31.805122+00:00,131.8,50,ask,,,11371776
2026-07-07T22:13:33.904409,2026-07-07T22:13:33.913187+00:00,131.8,50,ask,,,11371794
2026-07-07T22:13:36.040168,2026-07-07T22:13:36.050469+00:00,131.8,3,bid,,,11371820
2026-07-07T22:13:38.119918,2026-07-07T22:13:38.130145+00:00,131.5,50,ask,,,11371852
2026-07-07T22:13:38.287282,2026-07-07T22:13:38.299235+00:00,131.5,40,ask,,,11371853
2026-07-07T22:13:39.810096,2026-07-07T22:13:39.816867+00:00,131.5,48,ask,,,11371873
2026-07-07T22:13:40.227391,2026-07-07T22:13:40.239145+00:00,131.5,12,ask,,,11371878
2026-07-07T22:13:40.227391,2026-07-07T22:13:40.239145+00:00,131.4,38,ask,,,11371879
2026-07-07T22:13:40.459552,2026-07-07T22:13:40.468305+00:00,131.3,34,bid,,,11371882
2026-07-07T22:13:41.360606,2026-07-07T22:13:41.372331+00:00,131.3,41,bid,,,11371898
2026-07-07T22:13:41.955152,2026-07-07T22:13:41.966829+00:00,131.3,44,bid,,,11371908
2026-07-07T22:13:42.010452,2026-07-07T22:13:42.022062+00:00,131.2,40,ask,,,11371909
2026-07-07T22:13:42.336512,2026-07-07T22:13:42.344040+00:00,131.2,50,ask,,,11371914
2026-07-07T22:13:43.989241,2026-07-07T22:13:44.001137+00:00,131.1,45,ask,,,11371929
2026-07-07T22:13:44.443207,2026-07-07T22:13:44.463600+00:00,131.1,50,ask,,,11371944
2026-07-07T22:13:46.549921,2026-07-07T22:13:46.556254+00:00,131.1,50,ask,,,11371969
2026-07-07T22:13:46.653924,2026-07-07T22:13:46.665510+00:00,131.3,49,bid,,,11371972
2026-07-07T22:13:46.784021,2026-07-07T22:13:46.792952+00:00,130.8,23,bid,,,11371974
2026-07-07T22:13:47.810445,2026-07-07T22:13:47.818943+00:00,130.8,11,bid,,,11371988
2026-07-07T22:13:48.542856,2026-07-07T22:13:48.554583+00:00,130.8,42,bid,,,11371998
2026-07-07T22:13:49.146978,2026-07-07T22:13:49.155881+00:00,130.8,12,bid,,,11372005
2026-07-07T22:13:50.171175,2026-07-07T22:13:50.182777+00:00,130.9,44,ask,,,11372011
2026-07-07T22:13:50.760540,2026-07-07T22:13:50.768856+00:00,130.9,50,ask,,,11372019
2026-07-07T22:13:51.364808,2026-07-07T22:13:51.372401+00:00,131.4,41,bid,,,11372024
2026-07-07T22:13:52.509449,2026-07-07T22:13:52.519830+00:00,131.4,40,bid,,,11372040
2026-07-07T22:13:52.866172,2026-07-07T22:13:52.877797+00:00,130.9,50,ask,,,11372045
2026-07-07T22:13:55.707587,2026-07-07T22:13:55.718005+00:00,131.0,12,ask,,,11372084
2026-07-07T22:13:57.965172,2026-07-07T22:13:57.974811+00:00,130.8,41,ask,,,11372109
2026-07-07T22:13:59.222498,2026-07-07T22:13:59.233982+00:00,130.8,50,ask,,,11372124
2026-07-07T22:14:00.898332,2026-07-07T22:14:00.909887+00:00,131.1,48,bid,,,11372148
2026-07-07T22:14:04.096324,2026-07-07T22:14:04.108121+00:00,130.8,49,ask,,,11372200
2026-07-07T22:14:04.634316,2026-07-07T22:14:04.644774+00:00,131.1,42,bid,,,11372205
2026-07-07T22:14:05.487392,2026-07-07T22:14:05.498997+00:00,131.1,50,bid,,,11372218
2026-07-07T22:14:07.595856,2026-07-07T22:14:07.607731+00:00,131.2,50,bid,,,11372240
2026-07-07T22:14:09.731672,2026-07-07T22:14:09.741706+00:00,131.3,50,bid,,,11372267
2026-07-07T22:14:10.172173,2026-07-07T22:14:10.180574+00:00,131.3,12,bid,,,11372275
2026-07-07T22:14:10.939873,2026-07-07T22:14:10.947735+00:00,130.9,43,ask,,,11372291
2026-07-07T22:14:11.838285,2026-07-07T22:14:11.847618+00:00,131.3,50,bid,,,11372300
2026-07-07T22:14:12.118383,2026-07-07T22:14:12.134530+00:00,131.6,100,ask,,,11372306
2026-07-07T22:14:12.125987,2026-07-07T22:14:12.134530+00:00,131.6,34,ask,,,11372308
2026-07-07T22:14:12.576536,2026-07-07T22:14:12.588180+00:00,131.6,16,ask,,,11372322
2026-07-07T22:14:12.576536,2026-07-07T22:14:12.588180+00:00,131.1,31,ask,,,11372323
2026-07-07T22:14:15.436556,2026-07-07T22:14:15.444960+00:00,131.4,11,bid,,,11372353
2026-07-07T22:14:15.630062,2026-07-07T22:14:15.640043+00:00,131.4,11,bid,,,11372356
2026-07-07T22:14:16.076130,2026-07-07T22:14:16.087016+00:00,131.4,50,bid,,,11372369
2026-07-07T22:14:16.552082,2026-07-07T22:14:16.563926+00:00,131.4,42,bid,,,11372375
2026-07-07T22:14:17.132349,2026-07-07T22:14:17.142492+00:00,131.2,42,ask,,,11372382
2026-07-07T22:14:18.191192,2026-07-07T22:14:18.203081+00:00,131.4,36,bid,,,11372401
2026-07-07T22:14:18.191192,2026-07-07T22:14:18.203081+00:00,131.7,14,bid,,,11372402
2026-07-07T22:14:18.442232,2026-07-07T22:14:18.450795+00:00,131.7,11,ask,,,11372405
2026-07-07T22:14:18.743560,2026-07-07T22:14:18.750450+00:00,131.7,43,ask,,,11372412
2026-07-07T22:14:19.385275,2026-07-07T22:14:19.394224+00:00,131.7,23,ask,,,11372423
2026-07-07T22:14:20.266495,2026-07-07T22:14:20.277530+00:00,131.9,45,bid,,,11372429
2026-07-07T22:14:20.354828,2026-07-07T22:14:20.366541+00:00,131.7,50,ask,,,11372432
2026-07-07T22:14:20.783477,2026-07-07T22:14:20.792833+00:00,131.7,23,ask,,,11372439
2026-07-07T22:14:22.463881,2026-07-07T22:14:22.475578+00:00,131.4,50,ask,,,11372450
2026-07-07T22:14:23.854107,2026-07-07T22:14:23.865596+00:00,131.6,41,bid,,,11372469
2026-07-07T22:14:24.335823,2026-07-07T22:14:24.347165+00:00,131.4,49,ask,,,11372475
2026-07-07T22:14:24.571587,2026-07-07T22:14:24.583248+00:00,131.4,1,ask,,,11372480
2026-07-07T22:14:24.571587,2026-07-07T22:14:24.583248+00:00,131.1,49,ask,,,11372481
2026-07-07T22:14:24.776081,2026-07-07T22:14:24.780199+00:00,131.6,12,bid,,,11372487
2026-07-07T22:14:26.681568,2026-07-07T22:14:26.693132+00:00,131.5,50,ask,,,11372511
2026-07-07T22:14:27.157470,2026-07-07T22:14:27.169095+00:00,131.6,48,bid,,,11372516
2026-07-07T22:14:27.650413,2026-07-07T22:14:27.655864+00:00,131.5,46,ask,,,11372521
2026-07-07T22:14:27.938208,2026-07-07T22:14:27.947437+00:00,131.3,22,bid,,,11372527
2026-07-07T22:14:28.788733,2026-07-07T22:14:28.800414+00:00,131.2,50,ask,,,11372538
2026-07-07T22:14:30.396308,2026-07-07T22:14:30.407938+00:00,131.3,40,bid,,,11372559
2026-07-07T22:14:30.900615,2026-07-07T22:14:30.909226+00:00,131.2,50,ask,,,11372562
2026-07-07T22:14:31.233403,2026-07-07T22:14:31.243946+00:00,131.3,12,bid,,,11372567
2026-07-07T22:14:32.955819,2026-07-07T22:14:32.967535+00:00,131.3,50,bid,,,11372592
2026-07-07T22:14:34.804668,2026-07-07T22:14:34.813509+00:00,131.5,41,bid,,,11372607
2026-07-07T22:14:35.065308,2026-07-07T22:14:35.077671+00:00,131.5,50,bid,,,11372614
2026-07-07T22:14:35.459839,2026-07-07T22:14:35.471217+00:00,131.5,9,bid,,,11372619
2026-07-07T22:14:35.459839,2026-07-07T22:14:35.471217+00:00,131.6,39,bid,,,11372620
2026-07-07T22:14:37.100616,2026-07-07T22:14:37.110018+00:00,131.1,48,ask,,,11372637
2026-07-07T22:14:37.173066,2026-07-07T22:14:37.184785+00:00,131.6,50,bid,,,11372641
2026-07-07T22:14:38.616116,2026-07-07T22:14:38.625963+00:00,131.8,46,bid,,,11372661
2026-07-07T22:14:39.242000,2026-07-07T22:14:39.253780+00:00,131.4,48,ask,,,11372669
2026-07-07T22:14:39.279562,2026-07-07T22:14:39.291031+00:00,131.8,50,bid,,,11372670
2026-07-07T22:14:40.577663,2026-07-07T22:14:40.586764+00:00,132.1,100,ask,,,11372688
2026-07-07T22:14:40.631281,2026-07-07T22:14:40.639807+00:00,132.1,34,ask,,,11372689
2026-07-07T22:14:41.438006,2026-07-07T22:14:41.458548+00:00,132.1,16,ask,,,11372698
2026-07-07T22:14:41.438006,2026-07-07T22:14:41.458548+00:00,131.6,34,ask,,,11372699
2026-07-07T22:14:42.077248,2026-07-07T22:14:42.109477+00:00,131.6,40,ask,,,11372715
2026-07-07T22:14:45.640192,2026-07-07T22:14:45.648107+00:00,131.9,11,bid,,,11372754
2026-07-07T22:14:45.649862,2026-07-07T22:14:45.668846+00:00,131.6,50,ask,,,11372756
2026-07-07T22:14:47.703628,2026-07-07T22:14:47.715163+00:00,132.1,50,bid,,,11372790
2026-07-07T22:14:48.787279,2026-07-07T22:14:48.799060+00:00,132.1,42,bid,,,11372803
2026-07-07T22:14:49.811456,2026-07-07T22:14:49.823012+00:00,132.1,8,bid,,,11372819
2026-07-07T22:14:49.811456,2026-07-07T22:14:49.823012+00:00,132.1,42,bid,,,11372820
2026-07-07T22:14:51.109963,2026-07-07T22:14:51.118882+00:00,131.8,48,ask,,,11372835
2026-07-07T22:14:51.969234,2026-07-07T22:14:51.977946+00:00,131.8,50,ask,,,11372851
2026-07-07T22:14:56.170932,2026-07-07T22:14:56.180440+00:00,132.2,50,bid,,,11372900
2026-07-07T22:14:58.278230,2026-07-07T22:14:58.289588+00:00,132.1,50,bid,,,11372916
2026-07-07T22:15:00.386661,2026-07-07T22:15:00.394910+00:00,132.4,50,bid,,,11372949
2026-07-07T22:15:01.817406,2026-07-07T22:15:01.828887+00:00,132.4,46,bid,,,11372977
2026-07-07T22:15:02.493815,2026-07-07T22:15:02.505398+00:00,132.4,50,bid,,,11372985
2026-07-07T22:15:02.725784,2026-07-07T22:15:02.739489+00:00,132.4,23,ask,,,11372989
2026-07-07T22:15:02.791344,2026-07-07T22:15:02.820198+00:00,132.4,23,ask,,,11372992
2026-07-07T22:15:02.857454,2026-07-07T22:15:02.873386+00:00,132.4,11,ask,,,11372996
2026-07-07T22:15:04.601020,2026-07-07T22:15:04.609695+00:00,132.5,50,bid,,,11373027
2026-07-07T22:15:05.887436,2026-07-07T22:15:05.896239+00:00,132.0,44,ask,,,11373041
2026-07-07T22:15:06.706614,2026-07-07T22:15:06.714538+00:00,132.5,50,bid,,,11373053
2026-07-07T22:15:07.257360,2026-07-07T22:15:07.269273+00:00,132.1,44,ask,,,11373054
2026-07-07T22:15:07.738659,2026-07-07T22:15:07.750374+00:00,132.5,47,bid,,,11373062
2026-07-07T22:15:08.845230,2026-07-07T22:15:08.863764+00:00,132.5,3,bid,,,11373076
2026-07-07T22:15:08.845230,2026-07-07T22:15:08.863764+00:00,132.6,47,bid,,,11373077
2026-07-07T22:15:09.446905,2026-07-07T22:15:09.452586+00:00,132.5,48,bid,,,11373083
2026-07-07T22:15:13.137412,2026-07-07T22:15:13.148762+00:00,132.2,50,ask,,,11373130
2026-07-07T22:15:15.082795,2026-07-07T22:15:15.092039+00:00,132.2,45,ask,,,11373150
2026-07-07T22:15:15.249153,2026-07-07T22:15:15.258098+00:00,132.2,5,ask,,,11373152
2026-07-07T22:15:15.249153,2026-07-07T22:15:15.258098+00:00,132.2,45,ask,,,11373153
2026-07-07T22:15:15.920550,2026-07-07T22:15:15.929348+00:00,132.2,11,bid,,,11373162
2026-07-07T22:15:16.260330,2026-07-07T22:15:16.271938+00:00,132.2,49,bid,,,11373168
2026-07-07T22:15:19.426496,2026-07-07T22:15:19.438275+00:00,132.3,50,bid,,,11373209
2026-07-07T22:15:21.534214,2026-07-07T22:15:21.541320+00:00,132.3,50,bid,,,11373232
2026-07-07T22:15:23.645568,2026-07-07T22:15:23.656307+00:00,132.4,50,bid,,,11373265
2026-07-07T22:15:25.752649,2026-07-07T22:15:25.764351+00:00,132.6,50,bid,,,11373280
2026-07-07T22:15:26.335768,2026-07-07T22:15:26.344285+00:00,132.2,42,ask,,,11373290
2026-07-07T22:15:26.437415,2026-07-07T22:15:26.448100+00:00,132.2,11,ask,,,11373292
2026-07-07T22:15:27.863298,2026-07-07T22:15:27.874495+00:00,132.6,50,bid,,,11373306
2026-07-07T22:15:28.048419,2026-07-07T22:15:28.059800+00:00,132.7,100,ask,,,11373309
2026-07-07T22:15:28.112556,2026-07-07T22:15:28.122691+00:00,132.7,3,ask,,,11373310
2026-07-07T22:15:29.971147,2026-07-07T22:15:29.982770+00:00,133.2,50,bid,,,11373325
2026-07-07T22:15:32.082017,2026-07-07T22:15:32.094167+00:00,132.8,50,bid,,,11373345
2026-07-07T22:15:33.454832,2026-07-07T22:15:33.466663+00:00,132.4,41,ask,,,11373367
2026-07-07T22:15:34.188860,2026-07-07T22:15:34.200630+00:00,132.8,50,bid,,,11373372
2026-07-07T22:15:34.383885,2026-07-07T22:15:34.395381+00:00,132.9,100,ask,,,11373375
2026-07-07T22:15:34.439330,2026-07-07T22:15:34.450022+00:00,132.9,3,ask,,,11373377
2026-07-07T22:15:35.545106,2026-07-07T22:15:35.552024+00:00,132.9,41,ask,,,11373397
2026-07-07T22:15:36.328777,2026-07-07T22:15:36.340283+00:00,133.3,50,bid,,,11373411
2026-07-07T22:15:37.526472,2026-07-07T22:15:37.535038+00:00,132.6,45,ask,,,11373424
2026-07-07T22:15:38.100509,2026-07-07T22:15:38.111980+00:00,133.0,42,bid,,,11373437
2026-07-07T22:15:38.434920,2026-07-07T22:15:38.446501+00:00,133.0,50,bid,,,11373442
2026-07-07T22:15:40.576358,2026-07-07T22:15:40.584104+00:00,133.0,50,bid,,,11373467
2026-07-07T22:15:40.706381,2026-07-07T22:15:40.712644+00:00,133.0,100,ask,,,11373468
2026-07-07T22:15:40.766905,2026-07-07T22:15:40.776381+00:00,133.0,23,ask,,,11373470
2026-07-07T22:15:40.850689,2026-07-07T22:15:40.859366+00:00,133.0,11,ask,,,11373474
2026-07-07T22:15:42.734693,2026-07-07T22:15:42.746724+00:00,133.0,16,ask,,,11373495
2026-07-07T22:15:42.734693,2026-07-07T22:15:42.746724+00:00,132.5,34,ask,,,11373496
2026-07-07T22:15:43.496390,2026-07-07T22:15:43.508531+00:00,133.5,45,bid,,,11373508
2026-07-07T22:15:44.843801,2026-07-07T22:15:44.855439+00:00,132.9,50,ask,,,11373526
2026-07-07T22:15:46.208559,2026-07-07T22:15:46.220507+00:00,132.9,41,ask,,,11373542
2026-07-07T22:15:47.907993,2026-07-07T22:15:47.919821+00:00,133.2,40,bid,,,11373564
2026-07-07T22:15:51.159781,2026-07-07T22:15:51.171667+00:00,132.8,50,ask,,,11373598
2026-07-07T22:15:53.268837,2026-07-07T22:15:53.276361+00:00,132.8,50,ask,,,11373620
2026-07-07T22:15:53.446684,2026-07-07T22:15:53.455878+00:00,132.8,34,bid,,,11373622
2026-07-07T22:15:55.310924,2026-07-07T22:15:55.321619+00:00,132.8,3,bid,,,11373654
2026-07-07T22:15:55.382698,2026-07-07T22:15:55.394868+00:00,132.7,50,ask,,,11373657
2026-07-07T22:15:55.736211,2026-07-07T22:15:55.747849+00:00,132.7,44,ask,,,11373661
2026-07-07T22:15:56.390425,2026-07-07T22:15:56.402124+00:00,132.8,46,bid,,,11373672
2026-07-07T22:15:57.488109,2026-07-07T22:15:57.499661+00:00,132.7,50,ask,,,11373685
2026-07-07T22:15:57.969056,2026-07-07T22:15:57.978000+00:00,132.9,43,bid,,,11373689
2026-07-07T22:15:59.599894,2026-07-07T22:15:59.612657+00:00,132.7,50,ask,,,11373710
2026-07-07T22:16:00.584971,2026-07-07T22:16:00.596693+00:00,132.6,40,ask,,,11373719
2026-07-07T22:16:01.174392,2026-07-07T22:16:01.184706+00:00,132.9,44,bid,,,11373729
2026-07-07T22:16:01.705939,2026-07-07T22:16:01.717798+00:00,132.6,50,ask,,,11373738
2026-07-07T22:16:03.814067,2026-07-07T22:16:03.815573+00:00,132.6,50,ask,,,11373761
2026-07-07T22:16:05.922515,2026-07-07T22:16:05.934378+00:00,132.6,50,ask,,,11373797
2026-07-07T22:16:06.080300,2026-07-07T22:16:06.092059+00:00,132.4,45,ask,,,11373800
2026-07-07T22:16:07.035404,2026-07-07T22:16:07.044299+00:00,132.7,3,bid,,,11373810
2026-07-07T22:16:07.654740,2026-07-07T22:16:07.666352+00:00,132.7,40,bid,,,11373815
2026-07-07T22:16:08.242974,2026-07-07T22:16:08.253798+00:00,132.7,11,bid,,,11373835
2026-07-07T22:16:10.087843,2026-07-07T22:16:10.097992+00:00,132.9,50,bid,,,11373859
2026-07-07T22:16:10.214620,2026-07-07T22:16:10.217089+00:00,132.6,40,ask,,,11373861
2026-07-07T22:16:11.222460,2026-07-07T22:16:11.233680+00:00,132.9,46,bid,,,11373878
2026-07-07T22:16:14.348523,2026-07-07T22:16:14.360296+00:00,132.9,50,ask,,,11373910
2026-07-07T22:16:15.463656,2026-07-07T22:16:15.474306+00:00,132.6,45,ask,,,11373932
2026-07-07T22:16:16.068666,2026-07-07T22:16:16.078733+00:00,133.1,12,bid,,,11373937
2026-07-07T22:16:16.077772,2026-07-07T22:16:16.094364+00:00,133.1,44,bid,,,11373939
2026-07-07T22:16:16.135259,2026-07-07T22:16:16.145750+00:00,133.0,47,ask,,,11373941
2026-07-07T22:16:16.325931,2026-07-07T22:16:16.336968+00:00,133.1,11,bid,,,11373948
2026-07-07T22:16:16.406692,2026-07-07T22:16:16.418452+00:00,133.1,50,bid,,,11373951
2026-07-07T22:16:17.929342,2026-07-07T22:16:17.938865+00:00,133.1,12,bid,,,11373972
2026-07-07T22:16:18.139438,2026-07-07T22:16:18.158560+00:00,133.1,21,bid,,,11373974
2026-07-07T22:16:18.139438,2026-07-07T22:16:18.158560+00:00,133.5,21,bid,,,11373975
2026-07-07T22:16:18.515387,2026-07-07T22:16:18.526936+00:00,133.5,50,bid,,,11373981
2026-07-07T22:16:18.711075,2026-07-07T22:16:18.719803+00:00,133.7,35,ask,,,11373985
2026-07-07T22:16:18.944949,2026-07-07T22:16:18.955171+00:00,133.7,14,ask,,,11373987
2026-07-07T22:16:22.308567,2026-07-07T22:16:22.320071+00:00,133.3,45,ask,,,11374008
2026-07-07T22:16:22.730700,2026-07-07T22:16:22.737444+00:00,133.8,50,bid,,,11374011
2026-07-07T22:16:23.359893,2026-07-07T22:16:23.371474+00:00,133.8,49,bid,,,11374017
2026-07-07T22:16:24.837423,2026-07-07T22:16:24.846579+00:00,133.8,1,bid,,,11374039
2026-07-07T22:16:24.837423,2026-07-07T22:16:24.846579+00:00,133.8,49,bid,,,11374040
2026-07-07T22:16:26.477825,2026-07-07T22:16:26.485877+00:00,133.5,44,ask,,,11374060
2026-07-07T22:16:26.959614,2026-07-07T22:16:26.970655+00:00,134.0,50,bid,,,11374067
2026-07-07T22:16:28.024002,2026-07-07T22:16:28.035969+00:00,133.5,41,ask,,,11374080
2026-07-07T22:16:28.653530,2026-07-07T22:16:28.653260+00:00,133.7,40,bid,,,11374086
2026-07-07T22:16:29.065222,2026-07-07T22:16:29.076593+00:00,133.7,50,bid,,,11374097
2026-07-07T22:16:29.763282,2026-07-07T22:16:29.774765+00:00,133.7,10,bid,,,11374100
2026-07-07T22:16:29.763282,2026-07-07T22:16:29.774765+00:00,133.8,35,bid,,,11374101
2026-07-07T22:16:31.172932,2026-07-07T22:16:31.184619+00:00,133.8,50,bid,,,11374120
2026-07-07T22:16:33.282207,2026-07-07T22:16:33.293736+00:00,134.0,50,bid,,,11374149
2026-07-07T22:16:34.433071,2026-07-07T22:16:34.444865+00:00,133.7,45,ask,,,11374165
2026-07-07T22:16:34.885933,2026-07-07T22:16:34.894339+00:00,133.8,3,ask,,,11374176
2026-07-07T22:16:34.967015,2026-07-07T22:16:34.978693+00:00,133.8,43,ask,,,11374179
2026-07-07T22:16:35.389374,2026-07-07T22:16:35.400825+00:00,134.1,50,bid,,,11374184
2026-07-07T22:16:35.521828,2026-07-07T22:16:35.529399+00:00,134.1,45,bid,,,11374187
2026-07-07T22:16:36.082056,2026-07-07T22:16:36.089810+00:00,133.8,45,ask,,,11374195
2026-07-07T22:16:37.135676,2026-07-07T22:16:37.158561+00:00,133.8,9,ask,,,11374210
2026-07-07T22:16:37.135676,2026-07-07T22:16:37.158561+00:00,133.6,36,ask,,,11374211
2026-07-07T22:16:37.498722,2026-07-07T22:16:37.510258+00:00,134.1,50,bid,,,11374220
2026-07-07T22:16:37.704522,2026-07-07T22:16:37.716116+00:00,134.0,100,ask,,,11374222
2026-07-07T22:16:37.733823,2026-07-07T22:16:37.742581+00:00,134.0,23,ask,,,11374223
2026-07-07T22:16:38.231999,2026-07-07T22:16:38.243950+00:00,134.0,27,ask,,,11374230
2026-07-07T22:16:39.606210,2026-07-07T22:16:39.618002+00:00,134.5,50,bid,,,11374255
2026-07-07T22:16:40.578718,2026-07-07T22:16:40.587353+00:00,134.5,43,bid,,,11374269
2026-07-07T22:16:41.732036,2026-07-07T22:16:41.745427+00:00,134.2,50,bid,,,11374279
2026-07-07T22:16:43.890232,2026-07-07T22:16:43.902044+00:00,133.7,50,ask,,,11374303
2026-07-07T22:16:45.997095,2026-07-07T22:16:46.008836+00:00,133.6,50,ask,,,11374333
2026-07-07T22:16:46.860518,2026-07-07T22:16:46.872087+00:00,134.1,42,bid,,,11374348
2026-07-07T22:16:48.109050,2026-07-07T22:16:48.116495+00:00,133.9,50,ask,,,11374362
2026-07-07T22:16:50.737709,2026-07-07T22:16:50.748165+00:00,134.2,40,bid,,,11374393
2026-07-07T22:16:51.379066,2026-07-07T22:16:51.390642+00:00,133.8,46,ask,,,11374404
2026-07-07T22:16:51.792736,2026-07-07T22:16:51.807466+00:00,134.2,12,bid,,,11374410
2026-07-07T22:16:52.268291,2026-07-07T22:16:52.280114+00:00,134.2,50,bid,,,11374420
2026-07-07T22:16:52.995285,2026-07-07T22:16:53.003934+00:00,134.2,11,bid,,,11374432
2026-07-07T22:16:53.559310,2026-07-07T22:16:53.600089+00:00,134.5,11,ask,,,11374438
2026-07-07T22:16:54.373324,2026-07-07T22:16:54.384901+00:00,134.6,50,bid,,,11374452
2026-07-07T22:16:56.480416,2026-07-07T22:16:56.492679+00:00,134.6,50,bid,,,11374478
2026-07-07T22:16:56.759479,2026-07-07T22:16:56.769768+00:00,134.6,12,ask,,,11374485
2026-07-07T22:16:58.640014,2026-07-07T22:16:58.646873+00:00,134.6,50,ask,,,11374509
2026-07-07T22:17:00.331511,2026-07-07T22:17:00.342941+00:00,134.6,49,ask,,,11374536
2026-07-07T22:17:00.695024,2026-07-07T22:17:00.706861+00:00,135.0,50,bid,,,11374542
2026-07-07T22:17:01.982826,2026-07-07T22:17:01.990563+00:00,135.0,40,bid,,,11374555
2026-07-07T22:17:02.036771,2026-07-07T22:17:02.044980+00:00,134.6,40,ask,,,11374556
2026-07-07T22:17:02.854494,2026-07-07T22:17:02.866011+00:00,134.6,11,ask,,,11374563
2026-07-07T22:17:02.854494,2026-07-07T22:17:02.866011+00:00,134.5,39,ask,,,11374564
2026-07-07T22:17:04.963425,2026-07-07T22:17:04.974787+00:00,134.7,50,ask,,,11374593
2026-07-07T22:17:07.071468,2026-07-07T22:17:07.082885+00:00,134.4,50,ask,,,11374616
2026-07-07T22:17:09.178931,2026-07-07T22:17:09.185956+00:00,134.4,50,ask,,,11374647
2026-07-07T22:17:09.406743,2026-07-07T22:17:09.416730+00:00,134.2,23,bid,,,11374648
2026-07-07T22:17:09.649728,2026-07-07T22:17:09.656200+00:00,134.2,47,bid,,,11374652
2026-07-07T22:17:10.195165,2026-07-07T22:17:10.207856+00:00,134.2,3,bid,,,11374666
2026-07-07T22:17:12.019250,2026-07-07T22:17:12.030771+00:00,134.2,48,bid,,,11374697
2026-07-07T22:17:15.493832,2026-07-07T22:17:15.505279+00:00,134.5,50,ask,,,11374740
2026-07-07T22:17:16.605403,2026-07-07T22:17:16.612475+00:00,134.4,44,ask,,,11374752
2026-07-07T22:17:17.600807,2026-07-07T22:17:17.612503+00:00,134.4,50,ask,,,11374767
2026-07-07T22:17:18.202331,2026-07-07T22:17:18.214215+00:00,134.9,48,bid,,,11374781
2026-07-07T22:17:19.722972,2026-07-07T22:17:19.734906+00:00,134.3,50,ask,,,11374792
2026-07-07T22:17:21.830073,2026-07-07T22:17:21.841992+00:00,134.3,50,ask,,,11374814
2026-07-07T22:17:23.532927,2026-07-07T22:17:23.545083+00:00,134.6,47,bid,,,11374836
2026-07-07T22:17:23.937201,2026-07-07T22:17:23.944607+00:00,134.3,50,ask,,,11374840
2026-07-07T22:17:26.043700,2026-07-07T22:17:26.052211+00:00,134.3,50,ask,,,11374872
2026-07-07T22:17:28.151755,2026-07-07T22:17:28.157997+00:00,134.3,50,ask,,,11374897
2026-07-07T22:17:29.691032,2026-07-07T22:17:29.701290+00:00,134.2,44,ask,,,11374919
2026-07-07T22:17:30.260165,2026-07-07T22:17:30.271824+00:00,134.2,50,ask,,,11374932
2026-07-07T22:17:31.636137,2026-07-07T22:17:31.647900+00:00,133.9,47,ask,,,11374952
2026-07-07T22:17:32.368062,2026-07-07T22:17:32.375369+00:00,133.9,50,ask,,,11374955
2026-07-07T22:17:32.991654,2026-07-07T22:17:33.001027+00:00,134.4,3,bid,,,11374967
2026-07-07T22:17:34.720615,2026-07-07T22:17:34.729985+00:00,134.0,11,bid,,,11374986
2026-07-07T22:17:36.582184,2026-07-07T22:17:36.590958+00:00,133.8,50,ask,,,11375009
2026-07-07T22:17:38.688878,2026-07-07T22:17:38.695770+00:00,133.5,50,ask,,,11375041
2026-07-07T22:17:40.743746,2026-07-07T22:17:40.750135+00:00,133.9,50,bid,,,11375067
2026-07-07T22:17:41.059529,2026-07-07T22:17:41.068586+00:00,133.8,12,bid,,,11375072
2026-07-07T22:17:42.870795,2026-07-07T22:17:42.882348+00:00,133.8,50,bid,,,11375088
2026-07-07T22:17:43.984699,2026-07-07T22:17:43.996609+00:00,133.8,44,bid,,,11375105
2026-07-07T22:17:44.977176,2026-07-07T22:17:44.985114+00:00,133.9,50,bid,,,11375111
2026-07-07T22:17:47.165217,2026-07-07T22:17:47.176931+00:00,133.6,50,ask,,,11375144
2026-07-07T22:17:47.777325,2026-07-07T22:17:47.788783+00:00,134.0,46,bid,,,11375152
2026-07-07T22:17:49.279355,2026-07-07T22:17:49.295267+00:00,133.7,50,ask,,,11375177
2026-07-07T22:17:49.913745,2026-07-07T22:17:49.923420+00:00,133.7,44,ask,,,11375186
2026-07-07T22:17:50.966135,2026-07-07T22:17:50.975158+00:00,134.0,44,bid,,,11375206
2026-07-07T22:17:53.052929,2026-07-07T22:17:53.063623+00:00,133.7,41,ask,,,11375229
2026-07-07T22:17:53.492462,2026-07-07T22:17:53.504216+00:00,133.7,50,ask,,,11375235
2026-07-07T22:17:54.035150,2026-07-07T22:17:54.046258+00:00,133.4,42,ask,,,11375240
2026-07-07T22:17:54.978266,2026-07-07T22:17:54.989960+00:00,133.7,41,bid,,,11375252
2026-07-07T22:17:55.997176,2026-07-07T22:17:56.005699+00:00,133.7,11,bid,,,11375262
2026-07-07T22:17:57.703159,2026-07-07T22:17:57.714581+00:00,133.6,50,ask,,,11375287
2026-07-07T22:17:57.772885,2026-07-07T22:17:57.780679+00:00,134.0,42,bid,,,11375288
2026-07-07T22:17:59.758656,2026-07-07T22:17:59.767324+00:00,134.0,50,bid,,,11375311
2026-07-07T22:18:01.864372,2026-07-07T22:18:01.875709+00:00,133.8,50,bid,,,11375327
2026-07-07T22:18:03.971414,2026-07-07T22:18:03.983025+00:00,134.2,50,bid,,,11375362
2026-07-07T22:18:04.297553,2026-07-07T22:18:04.309292+00:00,133.8,42,ask,,,11375370
2026-07-07T22:18:04.500059,2026-07-07T22:18:04.508766+00:00,133.8,11,ask,,,11375374
2026-07-07T22:18:05.663629,2026-07-07T22:18:05.673873+00:00,133.8,40,ask,,,11375389
2026-07-07T22:18:06.131653,2026-07-07T22:18:06.143221+00:00,133.8,7,ask,,,11375396
2026-07-07T22:18:06.131653,2026-07-07T22:18:06.143221+00:00,133.7,43,ask,,,11375397
2026-07-07T22:18:08.188901,2026-07-07T22:18:08.200641+00:00,133.7,50,bid,,,11375431
2026-07-07T22:18:10.297106,2026-07-07T22:18:10.308686+00:00,134.0,50,bid,,,11375450
2026-07-07T22:18:12.565036,2026-07-07T22:18:12.576514+00:00,134.0,42,bid,,,11375473
2026-07-07T22:18:12.624263,2026-07-07T22:18:12.636001+00:00,134.0,100,bid,,,11375474
2026-07-07T22:18:13.748565,2026-07-07T22:18:13.759951+00:00,134.5,47,bid,,,11375487
2026-07-07T22:18:14.509475,2026-07-07T22:18:14.521189+00:00,134.5,50,bid,,,11375497
2026-07-07T22:18:14.560620,2026-07-07T22:18:14.569075+00:00,134.1,12,ask,,,11375499
2026-07-07T22:18:16.625319,2026-07-07T22:18:16.634545+00:00,134.4,50,bid,,,11375532
2026-07-07T22:18:17.442669,2026-07-07T22:18:17.451148+00:00,133.9,42,ask,,,11375542
2026-07-07T22:18:18.588961,2026-07-07T22:18:18.595490+00:00,133.9,47,ask,,,11375562
2026-07-07T22:18:18.733520,2026-07-07T22:18:18.743481+00:00,134.4,50,bid,,,11375567
2026-07-07T22:18:20.895207,2026-07-07T22:18:20.907084+00:00,134.2,50,ask,,,11375595
2026-07-07T22:18:22.731325,2026-07-07T22:18:22.742771+00:00,134.6,45,bid,,,11375623
2026-07-07T22:18:22.952532,2026-07-07T22:18:22.958550+00:00,134.6,50,bid,,,11375625
2026-07-07T22:18:23.294886,2026-07-07T22:18:23.306467+00:00,134.3,45,ask,,,11375633
2026-07-07T22:18:25.081591,2026-07-07T22:18:25.092919+00:00,134.3,14,ask,,,11375657
2026-07-07T22:18:27.214311,2026-07-07T22:18:27.221334+00:00,134.1,50,ask,,,11375687
2026-07-07T22:18:27.931468,2026-07-07T22:18:27.943474+00:00,134.1,45,ask,,,11375698
2026-07-07T22:18:29.323532,2026-07-07T22:18:29.332483+00:00,133.8,50,ask,,,11375715
2026-07-07T22:18:31.431449,2026-07-07T22:18:31.440037+00:00,133.8,50,ask,,,11375745
2026-07-07T22:18:31.691082,2026-07-07T22:18:31.701546+00:00,133.9,37,bid,,,11375748
2026-07-07T22:18:33.561543,2026-07-07T22:18:33.573047+00:00,133.7,50,ask,,,11375780
2026-07-07T22:18:35.669841,2026-07-07T22:18:35.679795+00:00,133.6,50,ask,,,11375812
2026-07-07T22:18:37.787008,2026-07-07T22:18:37.798831+00:00,133.6,50,ask,,,11375831
2026-07-07T22:18:39.894620,2026-07-07T22:18:39.901281+00:00,133.4,50,ask,,,11375858
2026-07-07T22:18:41.890643,2026-07-07T22:18:41.902421+00:00,133.6,41,bid,,,11375889
2026-07-07T22:18:41.950016,2026-07-07T22:18:41.958557+00:00,133.6,50,bid,,,11375890
2026-07-07T22:18:43.021937,2026-07-07T22:18:43.029014+00:00,133.6,9,bid,,,11375906
2026-07-07T22:18:43.021937,2026-07-07T22:18:43.034151+00:00,133.7,36,bid,,,11375907
2026-07-07T22:18:44.057721,2026-07-07T22:18:44.069280+00:00,133.7,50,bid,,,11375928
2026-07-07T22:18:44.473133,2026-07-07T22:18:44.479840+00:00,133.4,42,ask,,,11375933
2026-07-07T22:18:46.164333,2026-07-07T22:18:46.175979+00:00,133.8,50,bid,,,11375955
2026-07-07T22:18:46.690771,2026-07-07T22:18:46.699075+00:00,133.8,44,bid,,,11375965
2026-07-07T22:18:47.308269,2026-07-07T22:18:47.319942+00:00,133.8,6,bid,,,11375974
2026-07-07T22:18:47.308269,2026-07-07T22:18:47.319942+00:00,133.9,37,bid,,,11375975
2026-07-07T22:18:48.291885,2026-07-07T22:18:48.303588+00:00,134.0,50,bid,,,11375989
2026-07-07T22:18:48.808364,2026-07-07T22:18:48.819138+00:00,133.7,46,ask,,,11375996
2026-07-07T22:18:49.854712,2026-07-07T22:18:49.857390+00:00,133.7,42,ask,,,11376013
2026-07-07T22:18:50.453623,2026-07-07T22:18:50.465459+00:00,133.7,12,ask,,,11376017
2026-07-07T22:18:50.453623,2026-07-07T22:18:50.465459+00:00,133.5,38,ask,,,11376018
2026-07-07T22:18:51.483005,2026-07-07T22:18:51.494710+00:00,134.1,47,bid,,,11376026
2026-07-07T22:18:52.563376,2026-07-07T22:18:52.575065+00:00,133.7,50,ask,,,11376041
2026-07-07T22:18:54.670510,2026-07-07T22:18:54.677044+00:00,133.7,50,ask,,,11376061
2026-07-07T22:18:56.726671,2026-07-07T22:18:56.736766+00:00,134.0,50,bid,,,11376091
2026-07-07T22:18:58.838133,2026-07-07T22:18:58.844744+00:00,133.9,50,bid,,,11376109
2026-07-07T22:18:59.221992,2026-07-07T22:18:59.230932+00:00,133.6,11,ask,,,11376118
2026-07-07T22:18:59.739746,2026-07-07T22:18:59.751661+00:00,133.9,44,bid,,,11376127
2026-07-07T22:19:00.215927,2026-07-07T22:19:00.224613+00:00,134.0,23,ask,,,11376136
2026-07-07T22:19:00.944878,2026-07-07T22:19:00.958564+00:00,134.3,50,bid,,,11376143
2026-07-07T22:19:03.080461,2026-07-07T22:19:03.092003+00:00,134.0,45,ask,,,11376167
2026-07-07T22:19:05.160184,2026-07-07T22:19:05.171641+00:00,134.1,50,bid,,,11376188
2026-07-07T22:19:05.550903,2026-07-07T22:19:05.557939+00:00,134.1,45,bid,,,11376195
2026-07-07T22:19:07.266423,2026-07-07T22:19:07.278008+00:00,134.2,50,bid,,,11376215
2026-07-07T22:19:09.374384,2026-07-07T22:19:09.380933+00:00,134.2,50,bid,,,11376251
2026-07-07T22:19:11.331760,2026-07-07T22:19:11.343883+00:00,134.2,46,ask,,,11376274
2026-07-07T22:19:11.533023,2026-07-07T22:19:11.544338+00:00,134.2,50,ask,,,11376280
2026-07-07T22:19:12.353886,2026-07-07T22:19:12.363484+00:00,134.2,3,ask,,,11376291
2026-07-07T22:19:13.588618,2026-07-07T22:19:13.597716+00:00,134.2,50,bid,,,11376312
2026-07-07T22:19:17.800326,2026-07-07T22:19:17.811877+00:00,134.1,50,bid,,,11376374
2026-07-07T22:19:17.870773,2026-07-07T22:19:17.880306+00:00,133.7,42,ask,,,11376376
2026-07-07T22:19:18.922176,2026-07-07T22:19:18.938659+00:00,134.1,3,bid,,,11376389
2026-07-07T22:19:19.635046,2026-07-07T22:19:19.646871+00:00,134.5,43,bid,,,11376404
2026-07-07T22:19:19.909142,2026-07-07T22:19:19.920651+00:00,134.5,50,bid,,,11376407
2026-07-07T22:19:22.016436,2026-07-07T22:19:22.028069+00:00,134.5,50,bid,,,11376437
2026-07-07T22:19:22.318627,2026-07-07T22:19:22.327536+00:00,134.4,3,ask,,,11376442
2026-07-07T22:19:22.826947,2026-07-07T22:19:22.837597+00:00,134.4,3,ask,,,11376447
2026-07-07T22:19:24.124943,2026-07-07T22:19:24.131544+00:00,134.6,50,bid,,,11376468
2026-07-07T22:19:24.137999,2026-07-07T22:19:24.146054+00:00,134.4,11,ask,,,11376470
2026-07-07T22:19:26.237661,2026-07-07T22:19:26.245884+00:00,134.5,50,bid,,,11376496
2026-07-07T22:19:28.096007,2026-07-07T22:19:28.107458+00:00,134.1,40,ask,,,11376516
2026-07-07T22:19:29.060881,2026-07-07T22:19:29.072563+00:00,134.1,49,ask,,,11376534
2026-07-07T22:19:30.508918,2026-07-07T22:19:30.520574+00:00,134.1,50,ask,,,11376556
2026-07-07T22:19:32.616246,2026-07-07T22:19:32.627815+00:00,134.2,50,ask,,,11376592
2026-07-07T22:19:34.726300,2026-07-07T22:19:34.733648+00:00,134.5,43,bid,,,11376612
2026-07-07T22:19:34.743371,2026-07-07T22:19:34.754915+00:00,134.2,50,ask,,,11376613
2026-07-07T22:19:35.024165,2026-07-07T22:19:35.032916+00:00,134.2,14,bid,,,11376617
2026-07-07T22:19:35.679107,2026-07-07T22:19:35.690873+00:00,134.2,43,bid,,,11376629
2026-07-07T22:19:35.734023,2026-07-07T22:19:35.745722+00:00,134.1,45,ask,,,11376630
2026-07-07T22:19:36.851769,2026-07-07T22:19:36.863952+00:00,134.1,50,ask,,,11376648
2026-07-07T22:19:37.267994,2026-07-07T22:19:37.275514+00:00,134.2,48,bid,,,11376653
2026-07-07T22:19:38.306094,2026-07-07T22:19:38.318093+00:00,134.0,41,ask,,,11376660
2026-07-07T22:19:38.988273,2026-07-07T22:19:38.999870+00:00,134.0,50,ask,,,11376668
2026-07-07T22:19:41.095424,2026-07-07T22:19:41.107030+00:00,134.0,50,ask,,,11376694
2026-07-07T22:19:41.946862,2026-07-07T22:19:41.952860+00:00,134.0,45,bid,,,11376705
2026-07-07T22:19:42.507393,2026-07-07T22:19:42.519108+00:00,134.0,40,bid,,,11376709
2026-07-07T22:19:43.208455,2026-07-07T22:19:43.220126+00:00,133.7,50,ask,,,11376716
2026-07-07T22:19:43.563745,2026-07-07T22:19:43.570212+00:00,133.7,41,ask,,,11376717
2026-07-07T22:19:45.121431,2026-07-07T22:19:45.133030+00:00,134.1,3,bid,,,11376736
2026-07-07T22:19:45.315758,2026-07-07T22:19:45.327597+00:00,134.0,50,ask,,,11376745
2026-07-07T22:19:45.654450,2026-07-07T22:19:45.663650+00:00,134.1,44,bid,,,11376749
2026-07-07T22:19:47.423323,2026-07-07T22:19:47.434689+00:00,134.0,50,ask,,,11376770
2026-07-07T22:19:49.537820,2026-07-07T22:19:49.546260+00:00,133.7,50,ask,,,11376790
2026-07-07T22:19:50.618153,2026-07-07T22:19:50.629610+00:00,133.7,49,ask,,,11376802
2026-07-07T22:19:50.808266,2026-07-07T22:19:50.816565+00:00,133.9,11,bid,,,11376806
2026-07-07T22:19:51.681897,2026-07-07T22:19:51.690309+00:00,133.6,43,ask,,,11376828
2026-07-07T22:19:54.382211,2026-07-07T22:19:54.394483+00:00,133.8,48,bid,,,11376865
2026-07-07T22:19:55.017784,2026-07-07T22:19:55.029506+00:00,133.8,45,bid,,,11376872
2026-07-07T22:19:55.871972,2026-07-07T22:19:55.879280+00:00,133.4,50,ask,,,11376879
2026-07-07T22:19:56.146356,2026-07-07T22:19:56.154166+00:00,133.4,44,ask,,,11376884
2026-07-07T22:19:57.120008,2026-07-07T22:19:57.127438+00:00,133.7,100,ask,,,11376900
2026-07-07T22:19:57.741228,2026-07-07T22:19:57.752899+00:00,133.7,48,ask,,,11376906
2026-07-07T22:19:57.928065,2026-07-07T22:19:57.940002+00:00,134.2,50,bid,,,11376908
2026-07-07T22:19:59.755239,2026-07-07T22:19:59.765354+00:00,134.2,48,bid,,,11376936
