timestamp,recv_time,price,volume,aggressor_side,buyer,seller,trade_id
2026-07-04T23:00:00.098735,2026-07-04T23:00:00.020836+00:00,137.3,50,bid,FlawlessFlatbreads,EarnestEspressos,7589627
2026-07-04T23:00:00.200703,2026-07-04T23:00:00.180140+00:00,137.0,42,ask,EarnestEspressos,CostlyCorianders,7589629
2026-07-04T23:00:01.256085,2026-07-04T23:00:01.258606+00:00,137.3,43,bid,CostlyCorianders,DiligentDonuts,7589649
2026-07-04T23:00:02.209279,2026-07-04T23:00:02.220934+00:00,137.2,50,bid,FlawlessFlatbreads,EarnestEspressos,7589668
2026-07-04T23:00:02.865185,2026-07-04T23:00:02.876701+00:00,137.0,46,ask,DiligentDonuts,CostlyCorianders,7589678
2026-07-04T23:00:04.316910,2026-07-04T23:00:04.328452+00:00,137.2,50,bid,FlawlessFlatbreads,EarnestEspressos,7589705
2026-07-04T23:00:06.098995,2026-07-04T23:00:06.107014+00:00,137.2,3,ask,EarnestEspressos,Xuanyu Liu,7589741
2026-07-04T23:00:06.422004,2026-07-04T23:00:06.430990+00:00,137.5,50,bid,FlawlessFlatbreads,DiligentDonuts,7589746
2026-07-04T23:00:06.486259,2026-07-04T23:00:06.496182+00:00,137.2,11,ask,EarnestEspressos,Xuanyu Liu,7589747
2026-07-04T23:00:06.769681,2026-07-04T23:00:06.777935+00:00,137.2,12,ask,EarnestEspressos,Xuanyu Liu,7589751
2026-07-04T23:00:07.020118,2026-07-04T23:00:07.032000+00:00,137.5,43,bid,CostlyCorianders,DiligentDonuts,7589755
2026-07-04T23:00:08.165874,2026-07-04T23:00:08.177564+00:00,137.5,7,bid,CostlyCorianders,DiligentDonuts,7589767
2026-07-04T23:00:08.165874,2026-07-04T23:00:08.177564+00:00,137.7,35,bid,CostlyCorianders,EarnestEspressos,7589768
2026-07-04T23:00:08.537846,2026-07-04T23:00:08.581177+00:00,137.7,50,bid,FlawlessFlatbreads,EarnestEspressos,7589773
2026-07-04T23:00:10.542846,2026-07-04T23:00:10.554535+00:00,137.2,25,ask,EarnestEspressos,Yinxuan Li,7589801
2026-07-04T23:00:10.701820,2026-07-04T23:00:10.712354+00:00,137.2,50,ask,EarnestEspressos,FlawlessFlatbreads,7589803
2026-07-04T23:00:12.806562,2026-07-04T23:00:12.818333+00:00,137.1,50,ask,DiligentDonuts,FlawlessFlatbreads,7589823
2026-07-04T23:00:14.915717,2026-07-04T23:00:14.925443+00:00,137.1,50,ask,DiligentDonuts,FlawlessFlatbreads,7589861
2026-07-04T23:00:16.818289,2026-07-04T23:00:16.830056+00:00,136.9,43,ask,EarnestEspressos,CostlyCorianders,7589879
2026-07-04T23:00:17.032250,2026-07-04T23:00:17.042482+00:00,136.9,50,ask,EarnestEspressos,FlawlessFlatbreads,7589888
2026-07-04T23:00:18.748251,2026-07-04T23:00:18.754748+00:00,137.1,41,bid,CostlyCorianders,EarnestEspressos,7589913
2026-07-04T23:00:19.137626,2026-07-04T23:00:19.149050+00:00,136.7,50,ask,DiligentDonuts,FlawlessFlatbreads,7589922
2026-07-04T23:00:19.404375,2026-07-04T23:00:19.417556+00:00,136.7,45,ask,DiligentDonuts,CostlyCorianders,7589925
2026-07-04T23:00:20.431331,2026-07-04T23:00:20.443043+00:00,137.1,47,bid,CostlyCorianders,EarnestEspressos,7589944
2026-07-04T23:00:21.089052,2026-07-04T23:00:21.098043+00:00,136.8,45,ask,EarnestEspressos,CostlyCorianders,7589951
2026-07-04T23:00:21.248055,2026-07-04T23:00:21.258618+00:00,136.8,50,ask,EarnestEspressos,FlawlessFlatbreads,7589955
2026-07-04T23:00:21.425375,2026-07-04T23:00:21.447769+00:00,136.8,55,ask,EarnestEspressos,DiligentDonuts,7589961
2026-07-04T23:00:21.437742,2026-07-04T23:00:21.447769+00:00,136.6,23,bid,Xuanyu Liu,DiligentDonuts,7589962
2026-07-04T23:00:21.660484,2026-07-04T23:00:21.672099+00:00,136.6,22,bid,CostlyCorianders,DiligentDonuts,7589967
2026-07-04T23:00:21.660484,2026-07-04T23:00:21.672099+00:00,137.3,21,bid,CostlyCorianders,EarnestEspressos,7589968
2026-07-04T23:00:25.406290,2026-07-04T23:00:25.417993+00:00,136.7,50,bid,FlawlessFlatbreads,EarnestEspressos,7590020
2026-07-04T23:00:25.458829,2026-07-04T23:00:25.469173+00:00,136.5,46,ask,DiligentDonuts,CostlyCorianders,7590021
2026-07-04T23:00:26.201154,2026-07-04T23:00:26.210736+00:00,136.7,3,bid,Xuanyu Liu,EarnestEspressos,7590033
2026-07-04T23:00:27.218034,2026-07-04T23:00:27.229665+00:00,137.0,48,bid,CostlyCorianders,DiligentDonuts,7590046
2026-07-04T23:00:27.515232,2026-07-04T23:00:27.524996+00:00,137.0,50,bid,FlawlessFlatbreads,DiligentDonuts,7590050
2026-07-04T23:00:29.705693,2026-07-04T23:00:29.717014+00:00,136.8,50,ask,DiligentDonuts,FlawlessFlatbreads,7590091
2026-07-04T23:00:29.802276,2026-07-04T23:00:29.814463+00:00,136.8,3,ask,DiligentDonuts,Xuanyu Liu,7590092
2026-07-04T23:00:30.574572,2026-07-04T23:00:30.586387+00:00,136.8,25,ask,DiligentDonuts,Yinxuan Li,7590101
2026-07-04T23:00:31.208839,2026-07-04T23:00:31.220542+00:00,136.9,44,bid,CostlyCorianders,EarnestEspressos,7590112
2026-07-04T23:00:31.813773,2026-07-04T23:00:31.825269+00:00,136.4,50,ask,EarnestEspressos,FlawlessFlatbreads,7590128
2026-07-04T23:00:33.403142,2026-07-04T23:00:33.414149+00:00,136.4,46,ask,EarnestEspressos,CostlyCorianders,7590152
2026-07-04T23:00:33.945148,2026-07-04T23:00:33.952412+00:00,136.4,50,ask,DiligentDonuts,FlawlessFlatbreads,7590159
2026-07-04T23:00:34.646021,2026-07-04T23:00:34.654429+00:00,136.6,3,bid,Xuanyu Liu,EarnestEspressos,7590177
2026-07-04T23:00:36.052177,2026-07-04T23:00:36.063786+00:00,136.1,50,ask,EarnestEspressos,FlawlessFlatbreads,7590195
2026-07-04T23:00:36.421344,2026-07-04T23:00:36.429184+00:00,136.6,48,bid,CostlyCorianders,EarnestEspressos,7590202
2026-07-04T23:00:40.263364,2026-07-04T23:00:40.275193+00:00,136.2,50,ask,EarnestEspressos,FlawlessFlatbreads,7590260
2026-07-04T23:00:42.318698,2026-07-04T23:00:42.330301+00:00,136.7,50,bid,FlawlessFlatbreads,EarnestEspressos,7590292
2026-07-04T23:00:43.715088,2026-07-04T23:00:43.726787+00:00,136.0,46,ask,EarnestEspressos,CostlyCorianders,7590310
2026-07-04T23:00:44.477235,2026-07-04T23:00:44.488821+00:00,136.0,50,ask,EarnestEspressos,FlawlessFlatbreads,7590330
2026-07-04T23:00:46.295378,2026-07-04T23:00:46.306858+00:00,136.0,100,ask,DiligentDonuts,EarnestEspressos,7590356
2026-07-04T23:00:46.309079,2026-07-04T23:00:46.318930+00:00,135.9,3,bid,Xuanyu Liu,EarnestEspressos,7590357
2026-07-04T23:00:46.752028,2026-07-04T23:00:46.759731+00:00,135.9,11,bid,Xuanyu Liu,EarnestEspressos,7590368
2026-07-04T23:00:47.162718,2026-07-04T23:00:47.174626+00:00,135.9,36,bid,CostlyCorianders,EarnestEspressos,7590371
2026-07-04T23:00:47.162718,2026-07-04T23:00:47.174626+00:00,136.1,11,bid,CostlyCorianders,DiligentDonuts,7590372
2026-07-04T23:00:49.412815,2026-07-04T23:00:49.422897+00:00,135.8,11,ask,EarnestEspressos,Xuanyu Liu,7590409
2026-07-04T23:00:49.888094,2026-07-04T23:00:49.899973+00:00,135.8,100,ask,EarnestEspressos,DiligentDonuts,7590424
2026-07-04T23:00:50.744364,2026-07-04T23:00:50.758664+00:00,136.3,50,bid,FlawlessFlatbreads,EarnestEspressos,7590429
2026-07-04T23:00:51.719024,2026-07-04T23:00:51.731004+00:00,135.8,39,ask,EarnestEspressos,CostlyCorianders,7590450
2026-07-04T23:00:51.719024,2026-07-04T23:00:51.731004+00:00,135.2,6,ask,DiligentDonuts,CostlyCorianders,7590451
2026-07-04T23:00:52.851604,2026-07-04T23:00:52.858597+00:00,136.0,50,bid,FlawlessFlatbreads,EarnestEspressos,7590466
2026-07-04T23:00:54.744416,2026-07-04T23:00:54.758631+00:00,136.0,43,bid,CostlyCorianders,EarnestEspressos,7590488
2026-07-04T23:00:54.959826,2026-07-04T23:00:54.971802+00:00,136.0,50,bid,FlawlessFlatbreads,EarnestEspressos,7590494
2026-07-04T23:00:55.370158,2026-07-04T23:00:55.382030+00:00,136.0,7,bid,CostlyCorianders,EarnestEspressos,7590497
2026-07-04T23:00:55.735563,2026-07-04T23:00:55.744392+00:00,136.1,100,bid,EarnestEspressos,DiligentDonuts,7590503
2026-07-04T23:00:55.802261,2026-07-04T23:00:55.810191+00:00,136.1,3,ask,EarnestEspressos,Xuanyu Liu,7590505
2026-07-04T23:00:56.496242,2026-07-04T23:00:56.507830+00:00,136.1,46,ask,EarnestEspressos,CostlyCorianders,7590514
2026-07-04T23:00:57.121756,2026-07-04T23:00:57.133777+00:00,136.1,1,ask,EarnestEspressos,FlawlessFlatbreads,7590517
2026-07-04T23:00:57.121756,2026-07-04T23:00:57.133777+00:00,136.0,49,ask,DiligentDonuts,FlawlessFlatbreads,7590518
2026-07-04T23:00:57.654450,2026-07-04T23:00:57.656775+00:00,136.0,40,ask,DiligentDonuts,CostlyCorianders,7590521
2026-07-04T23:00:58.953034,2026-07-04T23:00:58.964031+00:00,136.0,11,ask,DiligentDonuts,EarnestEspressos,7590537
2026-07-04T23:00:59.180008,2026-07-04T23:00:59.191608+00:00,135.9,50,bid,FlawlessFlatbreads,EarnestEspressos,7590544
2026-07-04T23:01:01.287409,2026-07-04T23:01:01.299073+00:00,135.9,50,bid,FlawlessFlatbreads,EarnestEspressos,7590572
2026-07-04T23:01:02.355607,2026-07-04T23:01:02.367104+00:00,136.1,40,bid,CostlyCorianders,DiligentDonuts,7590591
2026-07-04T23:01:03.444494,2026-07-04T23:01:03.463946+00:00,135.7,50,ask,EarnestEspressos,FlawlessFlatbreads,7590611
2026-07-04T23:01:04.973623,2026-07-04T23:01:04.985274+00:00,136.0,41,bid,CostlyCorianders,DiligentDonuts,7590635
2026-07-04T23:01:05.551559,2026-07-04T23:01:05.558099+00:00,135.5,50,ask,DiligentDonuts,FlawlessFlatbreads,7590647
2026-07-04T23:01:07.662472,2026-07-04T23:01:07.670007+00:00,135.5,50,ask,DiligentDonuts,FlawlessFlatbreads,7590681
2026-07-04T23:01:09.729284,2026-07-04T23:01:09.738685+00:00,135.6,3,bid,Xuanyu Liu,DiligentDonuts,7590705
2026-07-04T23:01:09.776005,2026-07-04T23:01:09.783010+00:00,135.3,50,ask,EarnestEspressos,FlawlessFlatbreads,7590708
2026-07-04T23:01:10.626740,2026-07-04T23:01:10.637352+00:00,135.6,25,bid,Yinxuan Li,DiligentDonuts,7590728
2026-07-04T23:01:11.034726,2026-07-04T23:01:11.046524+00:00,135.6,43,bid,CostlyCorianders,DiligentDonuts,7590733
2026-07-04T23:01:11.882473,2026-07-04T23:01:11.894013+00:00,135.4,50,ask,EarnestEspressos,FlawlessFlatbreads,7590748
2026-07-04T23:01:12.163650,2026-07-04T23:01:12.175103+00:00,135.7,41,ask,DiligentDonuts,CostlyCorianders,7590757
2026-07-04T23:01:13.295940,2026-07-04T23:01:13.304150+00:00,135.7,3,ask,DiligentDonuts,Xuanyu Liu,7590773
2026-07-04T23:01:13.991215,2026-07-04T23:01:13.999942+00:00,135.7,50,ask,DiligentDonuts,FlawlessFlatbreads,7590790
2026-07-04T23:01:14.753063,2026-07-04T23:01:14.770544+00:00,135.7,3,ask,DiligentDonuts,EarnestEspressos,7590805
2026-07-04T23:01:14.759894,2026-07-04T23:01:14.770544+00:00,135.7,3,ask,DiligentDonuts,Xuanyu Liu,7590807
2026-07-04T23:01:14.771631,2026-07-04T23:01:14.779547+00:00,135.4,3,bid,Xuanyu Liu,EarnestEspressos,7590810
2026-07-04T23:01:15.775717,2026-07-04T23:01:15.782795+00:00,134.9,42,ask,EarnestEspressos,CostlyCorianders,7590826
2026-07-04T23:01:16.096834,2026-07-04T23:01:16.108417+00:00,134.9,50,ask,EarnestEspressos,FlawlessFlatbreads,7590836
2026-07-04T23:01:16.890613,2026-07-04T23:01:16.902395+00:00,135.4,46,bid,CostlyCorianders,EarnestEspressos,7590847
2026-07-04T23:01:17.947803,2026-07-04T23:01:17.956823+00:00,135.1,3,bid,Xuanyu Liu,EarnestEspressos,7590862
2026-07-04T23:01:18.203054,2026-07-04T23:01:18.214717+00:00,134.9,50,ask,DiligentDonuts,FlawlessFlatbreads,7590871
2026-07-04T23:01:19.055735,2026-07-04T23:01:19.058635+00:00,134.7,42,ask,DiligentDonuts,CostlyCorianders,7590886
2026-07-04T23:01:20.006135,2026-07-04T23:01:20.014306+00:00,135.1,11,bid,Xuanyu Liu,EarnestEspressos,7590894
2026-07-04T23:01:20.310910,2026-07-04T23:01:20.318628+00:00,134.7,50,ask,DiligentDonuts,FlawlessFlatbreads,7590896
2026-07-04T23:01:20.647220,2026-07-04T23:01:20.658773+00:00,135.1,25,bid,Yinxuan Li,EarnestEspressos,7590903
2026-07-04T23:01:21.514079,2026-07-04T23:01:21.522140+00:00,135.1,12,bid,Xuanyu Liu,DiligentDonuts,7590912
2026-07-04T23:01:22.430740,2026-07-04T23:01:22.442253+00:00,134.8,50,ask,EarnestEspressos,FlawlessFlatbreads,7590936
2026-07-04T23:01:22.811502,2026-07-04T23:01:22.820078+00:00,135.1,40,bid,CostlyCorianders,DiligentDonuts,7590941
2026-07-04T23:01:23.945387,2026-07-04T23:01:23.958575+00:00,134.8,44,ask,EarnestEspressos,CostlyCorianders,7590955
2026-07-04T23:01:24.486795,2026-07-04T23:01:24.498411+00:00,134.9,50,bid,FlawlessFlatbreads,EarnestEspressos,7590958
2026-07-04T23:01:25.444981,2026-07-04T23:01:25.452940+00:00,134.9,11,bid,Xuanyu Liu,EarnestEspressos,7590976
2026-07-04T23:01:26.536738,2026-07-04T23:01:26.548191+00:00,134.9,45,bid,CostlyCorianders,EarnestEspressos,7590986
2026-07-04T23:01:28.705765,2026-07-04T23:01:28.717482+00:00,135.0,50,bid,FlawlessFlatbreads,DiligentDonuts,7591023
2026-07-04T23:01:28.961629,2026-07-04T23:01:28.973049+00:00,134.7,45,ask,EarnestEspressos,CostlyCorianders,7591025
2026-07-04T23:01:30.815859,2026-07-04T23:01:30.824218+00:00,134.8,50,bid,FlawlessFlatbreads,EarnestEspressos,7591052
2026-07-04T23:01:31.819985,2026-07-04T23:01:31.828170+00:00,134.8,12,bid,Xuanyu Liu,EarnestEspressos,7591065
2026-07-04T23:01:32.107195,2026-07-04T23:01:32.118933+00:00,134.8,42,bid,CostlyCorianders,EarnestEspressos,7591070
2026-07-04T23:01:32.972970,2026-07-04T23:01:32.984800+00:00,134.4,50,ask,DiligentDonuts,FlawlessFlatbreads,7591086
2026-07-04T23:01:33.242476,2026-07-04T23:01:33.253995+00:00,134.8,43,bid,CostlyCorianders,EarnestEspressos,7591087
2026-07-04T23:01:33.700334,2026-07-04T23:01:33.712151+00:00,134.9,100,bid,EarnestEspressos,DiligentDonuts,7591097
2026-07-04T23:01:33.768751,2026-07-04T23:01:33.777456+00:00,135.2,35,ask,EarnestEspressos,Xuanyu Liu,7591099
2026-07-04T23:01:35.087899,2026-07-04T23:01:35.097839+00:00,135.2,15,ask,EarnestEspressos,FlawlessFlatbreads,7591122
2026-07-04T23:01:35.562707,2026-07-04T23:01:35.574201+00:00,134.9,47,ask,DiligentDonuts,CostlyCorianders,7591125
2026-07-04T23:01:36.918033,2026-07-04T23:01:36.929456+00:00,134.9,53,ask,DiligentDonuts,EarnestEspressos,7591146
2026-07-04T23:01:37.193243,2026-07-04T23:01:37.201218+00:00,134.4,50,ask,EarnestEspressos,FlawlessFlatbreads,7591149
2026-07-04T23:01:37.226917,2026-07-04T23:01:37.236598+00:00,134.9,44,bid,CostlyCorianders,EarnestEspressos,7591150
2026-07-04T23:01:38.370915,2026-07-04T23:01:38.379932+00:00,134.4,41,ask,EarnestEspressos,CostlyCorianders,7591170
2026-07-04T23:01:39.300967,2026-07-04T23:01:39.312760+00:00,134.4,50,ask,EarnestEspressos,FlawlessFlatbreads,7591183
2026-07-04T23:01:40.093129,2026-07-04T23:01:40.102255+00:00,134.8,12,bid,Xuanyu Liu,EarnestEspressos,7591190
2026-07-04T23:01:40.268168,2026-07-04T23:01:40.279696+00:00,134.8,40,bid,CostlyCorianders,EarnestEspressos,7591195
2026-07-04T23:01:41.407962,2026-07-04T23:01:41.419778+00:00,134.5,50,ask,DiligentDonuts,FlawlessFlatbreads,7591206
2026-07-04T23:01:41.752444,2026-07-04T23:01:41.760165+00:00,134.8,11,bid,Xuanyu Liu,EarnestEspressos,7591215
2026-07-04T23:01:42.304925,2026-07-04T23:01:42.313086+00:00,134.8,34,bid,Xuanyu Liu,EarnestEspressos,7591231
2026-07-04T23:01:43.189885,2026-07-04T23:01:43.201353+00:00,135.0,100,bid,EarnestEspressos,DiligentDonuts,7591243
2026-07-04T23:01:43.259375,2026-07-04T23:01:43.268175+00:00,135.1,11,ask,EarnestEspressos,Xuanyu Liu,7591247
2026-07-04T23:01:43.515328,2026-07-04T23:01:43.527212+00:00,135.1,39,ask,EarnestEspressos,FlawlessFlatbreads,7591252
2026-07-04T23:01:43.515328,2026-07-04T23:01:43.527212+00:00,134.5,11,ask,DiligentDonuts,FlawlessFlatbreads,7591253
2026-07-04T23:01:44.915283,2026-07-04T23:01:44.926310+00:00,135.0,40,ask,DiligentDonuts,CostlyCorianders,7591270
2026-07-04T23:01:44.932558,2026-07-04T23:01:44.943673+00:00,135.0,11,ask,DiligentDonuts,Xuanyu Liu,7591271
2026-07-04T23:01:46.404073,2026-07-04T23:01:46.425276+00:00,135.0,49,ask,DiligentDonuts,EarnestEspressos,7591293
2026-07-04T23:01:46.416743,2026-07-04T23:01:46.425276+00:00,134.8,11,bid,Xuanyu Liu,EarnestEspressos,7591294
2026-07-04T23:01:47.316684,2026-07-04T23:01:47.326222+00:00,134.8,40,bid,CostlyCorianders,EarnestEspressos,7591303
2026-07-04T23:01:47.901338,2026-07-04T23:01:47.912795+00:00,134.8,41,bid,CostlyCorianders,EarnestEspressos,7591317
2026-07-04T23:01:49.832736,2026-07-04T23:01:49.844428+00:00,134.7,50,ask,EarnestEspressos,FlawlessFlatbreads,7591341
2026-07-04T23:01:51.887994,2026-07-04T23:01:51.899715+00:00,134.8,50,bid,FlawlessFlatbreads,DiligentDonuts,7591371
2026-07-04T23:01:52.679665,2026-07-04T23:01:52.690087+00:00,134.8,50,bid,EarnestEspressos,DiligentDonuts,7591394
2026-07-04T23:01:58.203054,2026-07-04T23:01:58.214758+00:00,135.1,50,bid,FlawlessFlatbreads,EarnestEspressos,7591476
2026-07-04T23:01:59.881876,2026-07-04T23:01:59.891914+00:00,135.1,47,ask,DiligentDonuts,CostlyCorianders,7591505
2026-07-04T23:02:00.309590,2026-07-04T23:02:00.321039+00:00,135.4,50,bid,FlawlessFlatbreads,EarnestEspressos,7591517
2026-07-04T23:02:00.583163,2026-07-04T23:02:00.592373+00:00,135.1,11,ask,DiligentDonuts,Xuanyu Liu,7591523
2026-07-04T23:02:02.415745,2026-07-04T23:02:02.427286+00:00,135.5,50,bid,FlawlessFlatbreads,EarnestEspressos,7591553
2026-07-04T23:02:03.846270,2026-07-04T23:02:03.852132+00:00,135.2,46,bid,CostlyCorianders,DiligentDonuts,7591570
2026-07-04T23:02:04.525139,2026-07-04T23:02:04.536671+00:00,135.2,50,bid,FlawlessFlatbreads,DiligentDonuts,7591579
2026-07-04T23:02:05.327166,2026-07-04T23:02:05.334107+00:00,135.2,4,bid,EarnestEspressos,DiligentDonuts,7591596
2026-07-04T23:02:05.902300,2026-07-04T23:02:05.910287+00:00,135.6,12,ask,DiligentDonuts,Xuanyu Liu,7591606
2026-07-04T23:02:06.640799,2026-07-04T23:02:06.648190+00:00,135.7,50,bid,FlawlessFlatbreads,EarnestEspressos,7591618
2026-07-04T23:02:07.220946,2026-07-04T23:02:07.230352+00:00,135.6,11,ask,DiligentDonuts,Xuanyu Liu,7591628
2026-07-04T23:02:08.746220,2026-07-04T23:02:08.763600+00:00,136.1,50,bid,FlawlessFlatbreads,DiligentDonuts,7591649
2026-07-04T23:02:09.162189,2026-07-04T23:02:09.173968+00:00,135.6,48,ask,EarnestEspressos,CostlyCorianders,7591656
2026-07-04T23:02:10.853684,2026-07-04T23:02:10.858584+00:00,136.1,50,bid,FlawlessFlatbreads,EarnestEspressos,7591676
2026-07-04T23:02:11.659531,2026-07-04T23:02:11.668589+00:00,136.0,12,ask,EarnestEspressos,Xuanyu Liu,7591690
2026-07-04T23:02:12.683565,2026-07-04T23:02:12.692938+00:00,136.0,11,ask,EarnestEspressos,Xuanyu Liu,7591711
2026-07-04T23:02:12.960422,2026-07-04T23:02:12.971849+00:00,136.2,50,bid,FlawlessFlatbreads,DiligentDonuts,7591717
2026-07-04T23:02:15.124480,2026-07-04T23:02:15.134415+00:00,135.8,50,ask,EarnestEspressos,FlawlessFlatbreads,7591749
2026-07-04T23:02:16.093597,2026-07-04T23:02:16.102342+00:00,135.8,43,ask,EarnestEspressos,CostlyCorianders,7591755
2026-07-04T23:02:18.033791,2026-07-04T23:02:18.045509+00:00,135.8,100,ask,DiligentDonuts,EarnestEspressos,7591786
2026-07-04T23:02:19.285054,2026-07-04T23:02:19.296440+00:00,135.8,50,bid,FlawlessFlatbreads,EarnestEspressos,7591805
2026-07-04T23:02:21.188002,2026-07-04T23:02:21.196372+00:00,135.9,100,bid,EarnestEspressos,DiligentDonuts,7591834
2026-07-04T23:02:21.442256,2026-07-04T23:02:21.453899+00:00,136.0,50,ask,EarnestEspressos,FlawlessFlatbreads,7591836
2026-07-04T23:02:23.305581,2026-07-04T23:02:23.313087+00:00,135.8,43,ask,DiligentDonuts,CostlyCorianders,7591858
2026-07-04T23:02:23.518674,2026-07-04T23:02:23.533919+00:00,136.3,50,bid,FlawlessFlatbreads,DiligentDonuts,7591862
2026-07-04T23:02:23.804352,2026-07-04T23:02:23.816396+00:00,136.3,47,bid,CostlyCorianders,DiligentDonuts,7591867
2026-07-04T23:02:24.773408,2026-07-04T23:02:24.785165+00:00,135.9,100,bid,DiligentDonuts,EarnestEspressos,7591877
2026-07-04T23:02:25.640647,2026-07-04T23:02:25.652180+00:00,135.9,50,bid,FlawlessFlatbreads,EarnestEspressos,7591895
2026-07-04T23:02:26.013500,2026-07-04T23:02:26.022497+00:00,136.4,16,bid,Zihao Wu,DiligentDonuts,7591900
2026-07-04T23:02:28.443341,2026-07-04T23:02:28.452147+00:00,135.9,3,ask,EarnestEspressos,Xuanyu Liu,7591939
2026-07-04T23:02:29.861253,2026-07-04T23:02:29.873045+00:00,136.1,50,bid,FlawlessFlatbreads,DiligentDonuts,7591960
2026-07-04T23:02:30.949461,2026-07-04T23:02:30.955970+00:00,136.1,46,bid,CostlyCorianders,DiligentDonuts,7591984
2026-07-04T23:02:34.638563,2026-07-04T23:02:34.650463+00:00,136.0,42,ask,EarnestEspressos,CostlyCorianders,7592038
2026-07-04T23:02:36.235571,2026-07-04T23:02:36.242200+00:00,136.0,50,ask,EarnestEspressos,FlawlessFlatbreads,7592060
2026-07-04T23:02:36.622028,2026-07-04T23:02:36.629460+00:00,136.0,41,ask,EarnestEspressos,CostlyCorianders,7592066
2026-07-04T23:02:37.056682,2026-07-04T23:02:37.068391+00:00,136.0,100,ask,DiligentDonuts,EarnestEspressos,7592074
2026-07-04T23:02:37.396177,2026-07-04T23:02:37.434905+00:00,136.0,3,bid,Xuanyu Liu,EarnestEspressos,7592083
2026-07-04T23:02:38.343213,2026-07-04T23:02:38.363870+00:00,135.8,50,ask,DiligentDonuts,FlawlessFlatbreads,7592094
2026-07-04T23:02:39.182888,2026-07-04T23:02:39.194490+00:00,136.0,40,bid,CostlyCorianders,EarnestEspressos,7592105
2026-07-04T23:02:40.167864,2026-07-04T23:02:40.179722+00:00,136.3,100,bid,EarnestEspressos,DiligentDonuts,7592119
2026-07-04T23:02:40.399845,2026-07-04T23:02:40.411527+00:00,136.8,50,bid,FlawlessFlatbreads,EarnestEspressos,7592120
2026-07-04T23:02:40.531991,2026-07-04T23:02:40.540094+00:00,136.3,3,ask,EarnestEspressos,Xuanyu Liu,7592129
2026-07-04T23:02:40.777825,2026-07-04T23:02:40.789725+00:00,136.3,43,ask,EarnestEspressos,CostlyCorianders,7592133
2026-07-04T23:02:42.525777,2026-07-04T23:02:42.532672+00:00,136.5,50,bid,FlawlessFlatbreads,DiligentDonuts,7592149
2026-07-04T23:02:43.825264,2026-07-04T23:02:43.836789+00:00,136.2,41,ask,DiligentDonuts,CostlyCorianders,7592163
2026-07-04T23:02:44.685804,2026-07-04T23:02:44.696404+00:00,136.2,50,ask,DiligentDonuts,FlawlessFlatbreads,7592183
2026-07-04T23:02:45.345397,2026-07-04T23:02:45.352020+00:00,136.4,47,bid,CostlyCorianders,EarnestEspressos,7592191
2026-07-04T23:02:45.854503,2026-07-04T23:02:45.858546+00:00,136.4,44,bid,CostlyCorianders,EarnestEspressos,7592196
2026-07-04T23:02:46.038498,2026-07-04T23:02:46.058601+00:00,136.2,9,ask,DiligentDonuts,Zihao Wu,7592200
2026-07-04T23:02:46.741722,2026-07-04T23:02:46.763891+00:00,136.6,50,bid,FlawlessFlatbreads,EarnestEspressos,7592212
2026-07-04T23:02:48.853398,2026-07-04T23:02:48.846477+00:00,136.3,50,bid,FlawlessFlatbreads,DiligentDonuts,7592241
2026-07-04T23:02:49.690306,2026-07-04T23:02:49.702007+00:00,136.3,50,bid,EarnestEspressos,DiligentDonuts,7592255
2026-07-04T23:02:53.143293,2026-07-04T23:02:53.150709+00:00,136.1,50,ask,DiligentDonuts,FlawlessFlatbreads,7592297
2026-07-04T23:02:54.692780,2026-07-04T23:02:54.704275+00:00,136.0,47,ask,EarnestEspressos,CostlyCorianders,7592317
2026-07-04T23:02:55.199490,2026-07-04T23:02:55.206760+00:00,136.4,50,bid,FlawlessFlatbreads,DiligentDonuts,7592323
2026-07-04T23:02:55.810205,2026-07-04T23:02:55.821616+00:00,136.4,42,bid,CostlyCorianders,DiligentDonuts,7592337
2026-07-04T23:02:57.357390,2026-07-04T23:02:57.368898+00:00,136.3,50,ask,DiligentDonuts,FlawlessFlatbreads,7592354
2026-07-04T23:02:58.290785,2026-07-04T23:02:58.302400+00:00,136.3,43,ask,DiligentDonuts,CostlyCorianders,7592371
2026-07-04T23:02:58.801395,2026-07-04T23:02:58.812872+00:00,136.3,7,ask,DiligentDonuts,CostlyCorianders,7592378
2026-07-04T23:02:59.465973,2026-07-04T23:02:59.474090+00:00,136.2,50,ask,EarnestEspressos,FlawlessFlatbreads,7592389
2026-07-04T23:03:01.343178,2026-07-04T23:03:01.358544+00:00,136.6,42,bid,CostlyCorianders,DiligentDonuts,7592415
2026-07-04T23:03:01.520844,2026-07-04T23:03:01.532673+00:00,136.6,50,bid,FlawlessFlatbreads,DiligentDonuts,7592418
2026-07-04T23:03:03.629025,2026-07-04T23:03:03.640622+00:00,136.4,50,bid,FlawlessFlatbreads,EarnestEspressos,7592451
2026-07-04T23:03:05.735376,2026-07-04T23:03:05.746982+00:00,136.6,50,bid,FlawlessFlatbreads,EarnestEspressos,7592482
2026-07-04T23:03:06.174162,2026-07-04T23:03:06.185441+00:00,136.4,6,ask,DiligentDonuts,Zihao Wu,7592488
2026-07-04T23:03:06.207675,2026-07-04T23:03:06.219164+00:00,136.4,42,ask,DiligentDonuts,CostlyCorianders,7592491
2026-07-04T23:03:07.843672,2026-07-04T23:03:07.858569+00:00,136.6,50,bid,FlawlessFlatbreads,EarnestEspressos,7592512
2026-07-04T23:03:09.950737,2026-07-04T23:03:09.958613+00:00,136.7,50,bid,FlawlessFlatbreads,DiligentDonuts,7592544
2026-07-04T23:03:10.266547,2026-07-04T23:03:10.278134+00:00,136.7,41,bid,CostlyCorianders,DiligentDonuts,7592557
2026-07-04T23:03:11.839815,2026-07-04T23:03:11.863622+00:00,136.7,9,bid,EarnestEspressos,DiligentDonuts,7592579
2026-07-04T23:03:12.057139,2026-07-04T23:03:12.064465+00:00,137.2,50,bid,FlawlessFlatbreads,EarnestEspressos,7592583
2026-07-04T23:03:12.797329,2026-07-04T23:03:12.805536+00:00,136.8,3,ask,DiligentDonuts,Xuanyu Liu,7592588
2026-07-04T23:03:13.874721,2026-07-04T23:03:13.882768+00:00,136.8,41,ask,DiligentDonuts,CostlyCorianders,7592598
2026-07-04T23:03:14.161005,2026-07-04T23:03:14.167481+00:00,137.2,50,bid,FlawlessFlatbreads,EarnestEspressos,7592606
2026-07-04T23:03:14.427346,2026-07-04T23:03:14.438917+00:00,137.2,43,bid,CostlyCorianders,EarnestEspressos,7592613
2026-07-04T23:03:15.016448,2026-07-04T23:03:15.027173+00:00,137.3,100,bid,EarnestEspressos,DiligentDonuts,7592623
2026-07-04T23:03:15.082805,2026-07-04T23:03:15.094928+00:00,137.3,34,ask,EarnestEspressos,Xuanyu Liu,7592624
2026-07-04T23:03:15.415832,2026-07-04T23:03:15.424559+00:00,137.3,16,ask,EarnestEspressos,Xuanyu Liu,7592635
2026-07-04T23:03:15.525072,2026-07-04T23:03:15.535585+00:00,137.0,49,ask,DiligentDonuts,CostlyCorianders,7592639
2026-07-04T23:03:15.769657,2026-07-04T23:03:15.776532+00:00,137.0,25,ask,DiligentDonuts,Yinxuan Li,7592643
2026-07-04T23:03:16.267672,2026-07-04T23:03:16.279131+00:00,137.5,50,bid,FlawlessFlatbreads,DiligentDonuts,7592650
2026-07-04T23:03:18.245673,2026-07-04T23:03:18.255493+00:00,137.3,4,bid,Xuanyu Liu,EarnestEspressos,7592685
2026-07-04T23:03:18.374638,2026-07-04T23:03:18.386409+00:00,137.3,50,bid,FlawlessFlatbreads,EarnestEspressos,7592689
2026-07-04T23:03:19.202921,2026-07-04T23:03:19.219523+00:00,137.3,12,bid,Xuanyu Liu,EarnestEspressos,7592704
2026-07-04T23:03:19.333965,2026-07-04T23:03:19.341825+00:00,137.3,11,bid,Xuanyu Liu,EarnestEspressos,7592710
2026-07-04T23:03:20.482889,2026-07-04T23:03:20.494681+00:00,137.3,50,bid,FlawlessFlatbreads,EarnestEspressos,7592731
2026-07-04T23:03:21.162566,2026-07-04T23:03:21.174302+00:00,137.3,23,bid,CostlyCorianders,EarnestEspressos,7592738
2026-07-04T23:03:21.340656,2026-07-04T23:03:21.352291+00:00,137.5,100,bid,EarnestEspressos,DiligentDonuts,7592746
2026-07-04T23:03:21.408053,2026-07-04T23:03:21.419754+00:00,137.5,23,ask,EarnestEspressos,Xuanyu Liu,7592747
2026-07-04T23:03:22.592268,2026-07-04T23:03:22.603807+00:00,137.9,50,bid,FlawlessFlatbreads,DiligentDonuts,7592768
2026-07-04T23:03:23.269985,2026-07-04T23:03:23.277795+00:00,137.5,11,ask,EarnestEspressos,Xuanyu Liu,7592774
2026-07-04T23:03:23.614424,2026-07-04T23:03:23.626275+00:00,137.5,16,ask,EarnestEspressos,CostlyCorianders,7592789
2026-07-04T23:03:23.614424,2026-07-04T23:03:23.626275+00:00,137.4,26,ask,DiligentDonuts,CostlyCorianders,7592790
2026-07-04T23:03:24.698299,2026-07-04T23:03:24.709854+00:00,137.8,50,bid,FlawlessFlatbreads,EarnestEspressos,7592807
2026-07-04T23:03:25.705903,2026-07-04T23:03:25.717262+00:00,137.6,43,ask,DiligentDonuts,CostlyCorianders,7592813
2026-07-04T23:03:25.790174,2026-07-04T23:03:25.799648+00:00,137.6,25,ask,DiligentDonuts,Yinxuan Li,7592817
2026-07-04T23:03:26.857534,2026-07-04T23:03:26.860184+00:00,137.6,32,ask,DiligentDonuts,FlawlessFlatbreads,7592843
2026-07-04T23:03:27.806545,2026-07-04T23:03:27.815526+00:00,137.8,49,bid,CostlyCorianders,EarnestEspressos,7592861
2026-07-04T23:03:28.964098,2026-07-04T23:03:28.975572+00:00,137.4,50,ask,DiligentDonuts,FlawlessFlatbreads,7592876
2026-07-04T23:03:29.818210,2026-07-04T23:03:29.831737+00:00,137.8,46,bid,CostlyCorianders,EarnestEspressos,7592888
2026-07-04T23:03:29.824227,2026-07-04T23:03:29.831737+00:00,137.8,11,bid,Xuanyu Liu,EarnestEspressos,7592889
2026-07-04T23:03:30.813845,2026-07-04T23:03:30.823733+00:00,137.4,43,ask,DiligentDonuts,CostlyCorianders,7592905
2026-07-04T23:03:30.827198,2026-07-04T23:03:30.833860+00:00,137.9,100,bid,EarnestEspressos,DiligentDonuts,7592906
2026-07-04T23:03:31.070148,2026-07-04T23:03:31.081867+00:00,137.9,50,ask,EarnestEspressos,FlawlessFlatbreads,7592911
2026-07-04T23:03:32.858936,2026-07-04T23:03:32.870405+00:00,137.5,45,ask,DiligentDonuts,CostlyCorianders,7592934
2026-07-04T23:03:33.177832,2026-07-04T23:03:33.189209+00:00,137.5,50,ask,DiligentDonuts,FlawlessFlatbreads,7592942
2026-07-04T23:03:33.979528,2026-07-04T23:03:33.991456+00:00,137.5,5,ask,DiligentDonuts,CostlyCorianders,7592951
2026-07-04T23:03:34.956902,2026-07-04T23:03:34.969450+00:00,137.6,23,bid,Xuanyu Liu,EarnestEspressos,7592969
2026-07-04T23:03:35.287797,2026-07-04T23:03:35.294544+00:00,137.1,50,ask,EarnestEspressos,FlawlessFlatbreads,7592982
2026-07-04T23:03:35.966959,2026-07-04T23:03:35.978565+00:00,137.6,44,bid,CostlyCorianders,EarnestEspressos,7592991
2026-07-04T23:03:36.407561,2026-07-04T23:03:36.416119+00:00,137.6,12,bid,Xuanyu Liu,EarnestEspressos,7593001
2026-07-04T23:03:36.562276,2026-07-04T23:03:36.573815+00:00,137.6,47,bid,CostlyCorianders,EarnestEspressos,7593003
2026-07-04T23:03:37.159437,2026-07-04T23:03:37.171057+00:00,137.6,100,bid,EarnestEspressos,DiligentDonuts,7593007
2026-07-04T23:03:38.283969,2026-07-04T23:03:38.291806+00:00,137.7,45,ask,EarnestEspressos,CostlyCorianders,7593029
2026-07-04T23:03:40.403962,2026-07-04T23:03:40.415296+00:00,137.7,100,ask,DiligentDonuts,EarnestEspressos,7593061
2026-07-04T23:03:41.575542,2026-07-04T23:03:41.583904+00:00,137.7,50,bid,FlawlessFlatbreads,EarnestEspressos,7593072
2026-07-04T23:03:43.738468,2026-07-04T23:03:43.750380+00:00,137.7,50,ask,EarnestEspressos,FlawlessFlatbreads,7593101
2026-07-04T23:03:44.915320,2026-07-04T23:03:44.921987+00:00,137.7,49,ask,EarnestEspressos,CostlyCorianders,7593122
2026-07-04T23:03:45.555982,2026-07-04T23:03:45.557370+00:00,137.9,43,bid,CostlyCorianders,DiligentDonuts,7593130
2026-07-04T23:03:45.818549,2026-07-04T23:03:45.830513+00:00,137.7,25,ask,EarnestEspressos,Yinxuan Li,7593132
2026-07-04T23:03:46.135551,2026-07-04T23:03:46.147596+00:00,137.7,26,ask,EarnestEspressos,CostlyCorianders,7593139
2026-07-04T23:03:46.135551,2026-07-04T23:03:46.147596+00:00,137.4,22,ask,DiligentDonuts,CostlyCorianders,7593140
2026-07-04T23:03:47.330576,2026-07-04T23:03:47.340976+00:00,137.6,49,bid,CostlyCorianders,EarnestEspressos,7593157
2026-07-04T23:03:47.965518,2026-07-04T23:03:47.977193+00:00,137.4,50,ask,DiligentDonuts,FlawlessFlatbreads,7593164
2026-07-04T23:03:48.299763,2026-07-04T23:03:48.311465+00:00,137.4,40,ask,DiligentDonuts,CostlyCorianders,7593168
2026-07-04T23:03:49.532512,2026-07-04T23:03:49.540919+00:00,137.6,11,bid,Xuanyu Liu,EarnestEspressos,7593189
2026-07-04T23:03:50.019841,2026-07-04T23:03:50.031708+00:00,137.9,50,bid,FlawlessFlatbreads,DiligentDonuts,7593193
2026-07-04T23:03:54.280408,2026-07-04T23:03:54.292115+00:00,137.4,50,ask,EarnestEspressos,FlawlessFlatbreads,7593251
2026-07-04T23:03:55.148011,2026-07-04T23:03:55.154551+00:00,137.9,49,bid,CostlyCorianders,EarnestEspressos,7593266
2026-07-04T23:03:56.386719,2026-07-04T23:03:56.398661+00:00,137.4,50,ask,DiligentDonuts,FlawlessFlatbreads,7593286
2026-07-04T23:03:58.494164,2026-07-04T23:03:58.505575+00:00,137.3,50,ask,EarnestEspressos,FlawlessFlatbreads,7593319
2026-07-04T23:03:58.791093,2026-07-04T23:03:58.802836+00:00,137.6,47,bid,CostlyCorianders,DiligentDonuts,7593328
2026-07-04T23:04:00.599657,2026-07-04T23:04:00.610260+00:00,137.2,50,ask,DiligentDonuts,FlawlessFlatbreads,7593347
2026-07-04T23:04:02.706438,2026-07-04T23:04:02.718131+00:00,137.2,50,ask,DiligentDonuts,FlawlessFlatbreads,7593380
2026-07-04T23:04:03.784838,2026-07-04T23:04:03.796751+00:00,137.5,42,bid,CostlyCorianders,DiligentDonuts,7593399
2026-07-04T23:04:03.838921,2026-07-04T23:04:03.858621+00:00,137.2,42,ask,EarnestEspressos,CostlyCorianders,7593400
2026-07-04T23:04:04.812861,2026-07-04T23:04:04.823242+00:00,137.2,50,ask,EarnestEspressos,FlawlessFlatbreads,7593413
2026-07-04T23:04:05.742090,2026-07-04T23:04:05.751536+00:00,137.3,3,bid,Xuanyu Liu,EarnestEspressos,7593423
2026-07-04T23:04:05.856837,2026-07-04T23:04:05.864873+00:00,137.3,25,bid,Yinxuan Li,EarnestEspressos,7593428
2026-07-04T23:04:06.448724,2026-07-04T23:04:06.463971+00:00,137.3,42,bid,CostlyCorianders,EarnestEspressos,7593436
2026-07-04T23:04:06.868871,2026-07-04T23:04:06.880424+00:00,137.3,50,bid,FlawlessFlatbreads,EarnestEspressos,7593445
2026-07-04T23:04:06.979821,2026-07-04T23:04:06.991602+00:00,137.1,47,ask,DiligentDonuts,CostlyCorianders,7593447
2026-07-04T23:04:08.975840,2026-07-04T23:04:08.987387+00:00,137.6,50,bid,FlawlessFlatbreads,DiligentDonuts,7593488
2026-07-04T23:04:11.082234,2026-07-04T23:04:11.094105+00:00,137.6,50,bid,FlawlessFlatbreads,DiligentDonuts,7593521
2026-07-04T23:04:13.190269,2026-07-04T23:04:13.199739+00:00,137.6,50,bid,FlawlessFlatbreads,EarnestEspressos,7593543
2026-07-04T23:04:15.119025,2026-07-04T23:04:15.130216+00:00,137.1,46,ask,DiligentDonuts,CostlyCorianders,7593577
2026-07-04T23:04:15.297838,2026-07-04T23:04:15.309432+00:00,137.6,50,bid,FlawlessFlatbreads,DiligentDonuts,7593579
2026-07-04T23:04:17.405373,2026-07-04T23:04:17.417360+00:00,137.6,50,bid,FlawlessFlatbreads,DiligentDonuts,7593615
2026-07-04T23:04:17.455291,2026-07-04T23:04:17.468718+00:00,137.6,43,bid,CostlyCorianders,DiligentDonuts,7593616
2026-07-04T23:04:17.510495,2026-07-04T23:04:17.522427+00:00,137.3,49,ask,EarnestEspressos,CostlyCorianders,7593619
2026-07-04T23:04:18.650435,2026-07-04T23:04:18.658571+00:00,137.5,100,bid,DiligentDonuts,EarnestEspressos,7593639
2026-07-04T23:04:21.509639,2026-07-04T23:04:21.519090+00:00,137.4,14,ask,EarnestEspressos,Xuanyu Liu,7593687
2026-07-04T23:04:21.676745,2026-07-04T23:04:21.684370+00:00,137.4,50,ask,EarnestEspressos,FlawlessFlatbreads,7593693
2026-07-04T23:04:23.325538,2026-07-04T23:04:23.332682+00:00,137.5,48,bid,CostlyCorianders,DiligentDonuts,7593715
2026-07-04T23:04:23.783551,2026-07-04T23:04:23.795402+00:00,137.4,50,ask,EarnestEspressos,FlawlessFlatbreads,7593725
2026-07-04T23:04:25.900317,2026-07-04T23:04:25.911908+00:00,137.2,50,ask,DiligentDonuts,FlawlessFlatbreads,7593765
2026-07-04T23:04:27.324509,2026-07-04T23:04:27.334761+00:00,137.2,43,ask,DiligentDonuts,CostlyCorianders,7593783
2026-07-04T23:04:27.979203,2026-07-04T23:04:27.991325+00:00,137.5,46,bid,CostlyCorianders,EarnestEspressos,7593793
2026-07-04T23:04:28.007333,2026-07-04T23:04:28.018981+00:00,137.2,7,ask,DiligentDonuts,FlawlessFlatbreads,7593794
2026-07-04T23:04:28.007333,2026-07-04T23:04:28.018981+00:00,137.0,43,ask,EarnestEspressos,FlawlessFlatbreads,7593795
2026-07-04T23:04:28.549949,2026-07-04T23:04:28.558536+00:00,137.0,46,ask,EarnestEspressos,CostlyCorianders,7593802
2026-07-04T23:04:29.492500,2026-07-04T23:04:29.500903+00:00,137.4,11,bid,Xuanyu Liu,DiligentDonuts,7593817
2026-07-04T23:04:30.115969,2026-07-04T23:04:30.127816+00:00,137.0,50,ask,EarnestEspressos,FlawlessFlatbreads,7593826
2026-07-04T23:04:30.683580,2026-07-04T23:04:30.695006+00:00,137.4,42,bid,CostlyCorianders,DiligentDonuts,7593833
2026-07-04T23:04:31.065081,2026-07-04T23:04:31.073718+00:00,137.2,3,bid,Xuanyu Liu,EarnestEspressos,7593839
2026-07-04T23:04:32.224938,2026-07-04T23:04:32.236429+00:00,137.1,50,ask,DiligentDonuts,FlawlessFlatbreads,7593858
2026-07-04T23:04:33.982368,2026-07-04T23:04:33.991225+00:00,137.2,43,bid,CostlyCorianders,EarnestEspressos,7593894
2026-07-04T23:04:34.036086,2026-07-04T23:04:34.044786+00:00,137.1,41,ask,DiligentDonuts,CostlyCorianders,7593895
2026-07-04T23:04:34.342055,2026-07-04T23:04:34.353855+00:00,137.1,9,ask,DiligentDonuts,FlawlessFlatbreads,7593907
2026-07-04T23:04:34.342055,2026-07-04T23:04:34.353855+00:00,137.0,41,ask,EarnestEspressos,FlawlessFlatbreads,7593908
2026-07-04T23:04:36.450696,2026-07-04T23:04:36.463687+00:00,137.0,50,ask,EarnestEspressos,FlawlessFlatbreads,7593943
2026-07-04T23:04:38.059532,2026-07-04T23:04:38.067502+00:00,137.1,3,bid,Xuanyu Liu,EarnestEspressos,7593969
2026-07-04T23:04:38.161936,2026-07-04T23:04:38.173500+00:00,136.9,40,ask,DiligentDonuts,CostlyCorianders,7593971
2026-07-04T23:04:38.559445,2026-07-04T23:04:38.571156+00:00,136.9,50,ask,DiligentDonuts,FlawlessFlatbreads,7593979
2026-07-04T23:04:39.370667,2026-07-04T23:04:39.378325+00:00,137.1,23,bid,Xuanyu Liu,EarnestEspressos,7593992
2026-07-04T23:04:40.585909,2026-07-04T23:04:40.597414+00:00,137.4,46,bid,CostlyCorianders,DiligentDonuts,7594005
2026-07-04T23:04:40.667882,2026-07-04T23:04:40.675022+00:00,137.0,50,ask,EarnestEspressos,FlawlessFlatbreads,7594008
2026-07-04T23:04:41.686360,2026-07-04T23:04:41.697956+00:00,137.0,48,ask,EarnestEspressos,CostlyCorianders,7594017
2026-07-04T23:04:42.782721,2026-07-04T23:04:42.790343+00:00,137.5,45,bid,CostlyCorianders,EarnestEspressos,7594033
2026-07-04T23:04:42.805327,2026-07-04T23:04:42.816805+00:00,137.0,50,ask,EarnestEspressos,FlawlessFlatbreads,7594034
2026-07-04T23:04:43.700068,2026-07-04T23:04:43.710137+00:00,137.0,100,ask,DiligentDonuts,EarnestEspressos,7594052
2026-07-04T23:04:43.996221,2026-07-04T23:04:44.003997+00:00,136.9,11,bid,Xuanyu Liu,EarnestEspressos,7594062
2026-07-04T23:04:45.904942,2026-07-04T23:04:45.914409+00:00,136.9,25,bid,Yinxuan Li,EarnestEspressos,7594096
2026-07-04T23:04:46.221714,2026-07-04T23:04:46.233618+00:00,136.9,14,bid,CostlyCorianders,EarnestEspressos,7594103
2026-07-04T23:04:46.221714,2026-07-04T23:04:46.233618+00:00,137.1,31,bid,CostlyCorianders,DiligentDonuts,7594104
2026-07-04T23:04:47.020397,2026-07-04T23:04:47.031223+00:00,137.0,50,ask,EarnestEspressos,FlawlessFlatbreads,7594115
2026-07-04T23:04:47.935266,2026-07-04T23:04:47.947137+00:00,137.2,46,bid,CostlyCorianders,DiligentDonuts,7594127
2026-07-04T23:04:48.543489,2026-07-04T23:04:48.553745+00:00,137.0,48,ask,EarnestEspressos,CostlyCorianders,7594141
2026-07-04T23:04:49.035539,2026-07-04T23:04:49.047365+00:00,137.0,44,ask,EarnestEspressos,CostlyCorianders,7594149
2026-07-04T23:04:49.125988,2026-07-04T23:04:49.137725+00:00,137.0,8,ask,EarnestEspressos,FlawlessFlatbreads,7594152
2026-07-04T23:04:49.125988,2026-07-04T23:04:49.137725+00:00,136.7,42,ask,DiligentDonuts,FlawlessFlatbreads,7594153
2026-07-04T23:04:50.918028,2026-07-04T23:04:50.924586+00:00,137.2,25,bid,Yinxuan Li,EarnestEspressos,7594193
2026-07-04T23:04:51.234018,2026-07-04T23:04:51.241649+00:00,137.0,50,ask,DiligentDonuts,FlawlessFlatbreads,7594202
2026-07-04T23:04:52.456699,2026-07-04T23:04:52.468676+00:00,137.0,46,ask,DiligentDonuts,CostlyCorianders,7594220
2026-07-04T23:04:53.181849,2026-07-04T23:04:53.189398+00:00,137.0,4,ask,DiligentDonuts,EarnestEspressos,7594236
2026-07-04T23:04:53.340548,2026-07-04T23:04:53.349705+00:00,136.5,50,ask,EarnestEspressos,FlawlessFlatbreads,7594240
2026-07-04T23:04:55.131437,2026-07-04T23:04:55.138924+00:00,136.9,12,bid,Xuanyu Liu,DiligentDonuts,7594274
2026-07-04T23:04:55.465010,2026-07-04T23:04:55.475271+00:00,136.5,50,ask,EarnestEspressos,FlawlessFlatbreads,7594280
2026-07-04T23:04:56.359413,2026-07-04T23:04:56.366638+00:00,136.8,11,bid,Xuanyu Liu,EarnestEspressos,7594290
2026-07-04T23:04:57.423206,2026-07-04T23:04:57.434748+00:00,136.8,47,bid,CostlyCorianders,EarnestEspressos,7594308
2026-07-04T23:04:57.571629,2026-07-04T23:04:57.581635+00:00,136.5,50,ask,DiligentDonuts,FlawlessFlatbreads,7594309
2026-07-04T23:04:57.754119,2026-07-04T23:04:57.761969+00:00,136.8,11,bid,Xuanyu Liu,EarnestEspressos,7594317
2026-07-04T23:04:59.712731,2026-07-04T23:04:59.720415+00:00,136.5,50,ask,DiligentDonuts,FlawlessFlatbreads,7594343
2026-07-04T23:05:01.818787,2026-07-04T23:05:01.827823+00:00,136.5,50,ask,EarnestEspressos,FlawlessFlatbreads,7594376
2026-07-04T23:05:03.874330,2026-07-04T23:05:03.885812+00:00,136.6,50,bid,FlawlessFlatbreads,DiligentDonuts,7594414
2026-07-04T23:05:04.320733,2026-07-04T23:05:04.329429+00:00,136.6,12,bid,Xuanyu Liu,DiligentDonuts,7594424
2026-07-04T23:05:05.981298,2026-07-04T23:05:05.992619+00:00,136.6,38,bid,FlawlessFlatbreads,DiligentDonuts,7594443
2026-07-04T23:05:05.981298,2026-07-04T23:05:05.992619+00:00,136.8,12,bid,FlawlessFlatbreads,EarnestEspressos,7594444
2026-07-04T23:05:06.114204,2026-07-04T23:05:06.123229+00:00,136.8,41,bid,CostlyCorianders,EarnestEspressos,7594446
2026-07-04T23:05:08.089043,2026-07-04T23:05:08.100928+00:00,136.8,50,bid,FlawlessFlatbreads,EarnestEspressos,7594478
2026-07-04T23:05:08.947401,2026-07-04T23:05:08.956310+00:00,136.7,12,ask,EarnestEspressos,Xuanyu Liu,7594494
2026-07-04T23:05:10.197143,2026-07-04T23:05:10.206437+00:00,137.0,50,bid,FlawlessFlatbreads,DiligentDonuts,7594509
2026-07-04T23:05:10.886696,2026-07-04T23:05:10.895379+00:00,136.7,11,ask,EarnestEspressos,Xuanyu Liu,7594521
2026-07-04T23:05:12.247742,2026-07-04T23:05:12.255532+00:00,136.6,40,ask,EarnestEspressos,CostlyCorianders,7594533
2026-07-04T23:05:12.302619,2026-07-04T23:05:12.314131+00:00,137.0,50,bid,FlawlessFlatbreads,DiligentDonuts,7594534
2026-07-04T23:05:14.410910,2026-07-04T23:05:14.422702+00:00,137.1,50,bid,FlawlessFlatbreads,EarnestEspressos,7594564
2026-07-04T23:05:16.517581,2026-07-04T23:05:16.529013+00:00,137.4,50,bid,FlawlessFlatbreads,EarnestEspressos,7594599
2026-07-04T23:05:16.872035,2026-07-04T23:05:16.883826+00:00,137.4,43,bid,CostlyCorianders,EarnestEspressos,7594603
2026-07-04T23:05:17.931964,2026-07-04T23:05:17.943425+00:00,137.0,48,ask,DiligentDonuts,CostlyCorianders,7594625
2026-07-04T23:05:18.431410,2026-07-04T23:05:18.440937+00:00,137.3,23,ask,EarnestEspressos,Xuanyu Liu,7594629
2026-07-04T23:05:18.518841,2026-07-04T23:05:18.528462+00:00,137.3,48,ask,EarnestEspressos,CostlyCorianders,7594636
2026-07-04T23:05:18.624023,2026-07-04T23:05:18.635577+00:00,137.5,50,bid,FlawlessFlatbreads,DiligentDonuts,7594638
2026-07-04T23:05:18.731278,2026-07-04T23:05:18.739719+00:00,137.3,11,ask,EarnestEspressos,Xuanyu Liu,7594640
2026-07-04T23:05:19.950434,2026-07-04T23:05:19.958533+00:00,137.5,48,bid,CostlyCorianders,DiligentDonuts,7594660
2026-07-04T23:05:20.732206,2026-07-04T23:05:20.743912+00:00,137.5,50,bid,FlawlessFlatbreads,DiligentDonuts,7594668
2026-07-04T23:05:21.034397,2026-07-04T23:05:21.045824+00:00,137.3,48,ask,EarnestEspressos,CostlyCorianders,7594675
2026-07-04T23:05:21.920427,2026-07-04T23:05:21.932327+00:00,137.2,100,bid,DiligentDonuts,EarnestEspressos,7594688
2026-07-04T23:05:22.659603,2026-07-04T23:05:22.674979+00:00,137.2,11,bid,Xuanyu Liu,EarnestEspressos,7594701
2026-07-04T23:05:22.838222,2026-07-04T23:05:22.849950+00:00,137.2,39,bid,FlawlessFlatbreads,EarnestEspressos,7594705
2026-07-04T23:05:22.838222,2026-07-04T23:05:22.849950+00:00,137.8,11,bid,FlawlessFlatbreads,DiligentDonuts,7594706
2026-07-04T23:05:23.703249,2026-07-04T23:05:23.710026+00:00,137.8,45,bid,CostlyCorianders,DiligentDonuts,7594714
2026-07-04T23:05:24.759416,2026-07-04T23:05:24.767551+00:00,137.4,11,ask,EarnestEspressos,Xuanyu Liu,7594729
2026-07-04T23:05:24.946947,2026-07-04T23:05:24.958495+00:00,137.8,44,bid,FlawlessFlatbreads,DiligentDonuts,7594732
2026-07-04T23:05:24.946947,2026-07-04T23:05:24.958495+00:00,137.9,6,bid,FlawlessFlatbreads,EarnestEspressos,7594733
2026-07-04T23:05:26.597512,2026-07-04T23:05:26.605635+00:00,137.4,12,ask,EarnestEspressos,Xuanyu Liu,7594753
2026-07-04T23:05:27.056001,2026-07-04T23:05:27.063600+00:00,137.9,50,bid,FlawlessFlatbreads,EarnestEspressos,7594764
2026-07-04T23:05:27.562552,2026-07-04T23:05:27.569267+00:00,137.4,45,ask,EarnestEspressos,CostlyCorianders,7594768
2026-07-04T23:05:28.595599,2026-07-04T23:05:28.607368+00:00,137.7,40,bid,CostlyCorianders,EarnestEspressos,7594787
2026-07-04T23:05:29.162532,2026-07-04T23:05:29.174225+00:00,137.7,50,bid,FlawlessFlatbreads,EarnestEspressos,7594795
2026-07-04T23:05:29.589066,2026-07-04T23:05:29.600898+00:00,137.3,48,ask,DiligentDonuts,CostlyCorianders,7594802
2026-07-04T23:05:31.070258,2026-07-04T23:05:31.079513+00:00,137.5,11,ask,EarnestEspressos,Xuanyu Liu,7594816
2026-07-04T23:05:31.322739,2026-07-04T23:05:31.334221+00:00,137.5,50,ask,EarnestEspressos,FlawlessFlatbreads,7594822
2026-07-04T23:05:32.429360,2026-07-04T23:05:32.436785+00:00,137.5,3,ask,EarnestEspressos,Xuanyu Liu,7594848
2026-07-04T23:05:33.430578,2026-07-04T23:05:33.439863+00:00,137.5,50,ask,EarnestEspressos,FlawlessFlatbreads,7594860
2026-07-04T23:05:35.191259,2026-07-04T23:05:35.202823+00:00,137.4,45,bid,CostlyCorianders,EarnestEspressos,7594887
2026-07-04T23:05:35.538038,2026-07-04T23:05:35.549744+00:00,136.9,50,ask,EarnestEspressos,FlawlessFlatbreads,7594894
2026-07-04T23:05:36.751375,2026-07-04T23:05:36.757374+00:00,137.4,40,bid,CostlyCorianders,EarnestEspressos,7594914
2026-07-04T23:05:37.271001,2026-07-04T23:05:37.280604+00:00,137.4,41,bid,CostlyCorianders,EarnestEspressos,7594926
2026-07-04T23:05:37.324561,2026-07-04T23:05:37.336139+00:00,136.9,47,ask,EarnestEspressos,CostlyCorianders,7594928
2026-07-04T23:05:37.644471,2026-07-04T23:05:37.658589+00:00,137.2,50,ask,EarnestEspressos,FlawlessFlatbreads,7594933
2026-07-04T23:05:40.782310,2026-07-04T23:05:40.793946+00:00,137.0,42,ask,DiligentDonuts,CostlyCorianders,7594988
2026-07-04T23:05:41.245236,2026-07-04T23:05:41.256686+00:00,137.2,44,bid,CostlyCorianders,EarnestEspressos,7594991
2026-07-04T23:05:41.803314,2026-07-04T23:05:41.814853+00:00,137.2,50,bid,FlawlessFlatbreads,EarnestEspressos,7595000
2026-07-04T23:05:42.335109,2026-07-04T23:05:42.342986+00:00,137.2,3,bid,Xuanyu Liu,EarnestEspressos,7595012
2026-07-04T23:05:42.387333,2026-07-04T23:05:42.399007+00:00,137.2,45,bid,CostlyCorianders,EarnestEspressos,7595014
2026-07-04T23:05:43.733484,2026-07-04T23:05:43.740710+00:00,137.2,100,bid,EarnestEspressos,DiligentDonuts,7595038
2026-07-04T23:05:43.795594,2026-07-04T23:05:43.803966+00:00,137.4,3,ask,EarnestEspressos,Xuanyu Liu,7595041
2026-07-04T23:05:43.962313,2026-07-04T23:05:43.974243+00:00,137.4,47,ask,EarnestEspressos,FlawlessFlatbreads,7595046
2026-07-04T23:05:43.962313,2026-07-04T23:05:43.974243+00:00,136.7,3,ask,DiligentDonuts,FlawlessFlatbreads,7595047
2026-07-04T23:05:48.151273,2026-07-04T23:05:48.155251+00:00,137.3,50,bid,FlawlessFlatbreads,EarnestEspressos,7595111
2026-07-04T23:05:48.890264,2026-07-04T23:05:48.907788+00:00,137.3,3,bid,Xuanyu Liu,EarnestEspressos,7595125
2026-07-04T23:05:50.257041,2026-07-04T23:05:50.269009+00:00,137.4,50,bid,FlawlessFlatbreads,EarnestEspressos,7595144
2026-07-04T23:05:50.307905,2026-07-04T23:05:50.316251+00:00,137.2,46,ask,DiligentDonuts,CostlyCorianders,7595145
2026-07-04T23:05:52.372753,2026-07-04T23:05:52.389594+00:00,137.4,50,bid,FlawlessFlatbreads,EarnestEspressos,7595178
2026-07-04T23:05:53.230967,2026-07-04T23:05:53.239826+00:00,137.0,3,ask,EarnestEspressos,Xuanyu Liu,7595197
2026-07-04T23:05:53.649774,2026-07-04T23:05:53.658574+00:00,137.0,100,ask,EarnestEspressos,DiligentDonuts,7595201
2026-07-04T23:05:54.483364,2026-07-04T23:05:54.493754+00:00,137.5,50,bid,FlawlessFlatbreads,EarnestEspressos,7595217
2026-07-04T23:05:58.712615,2026-07-04T23:05:58.724081+00:00,137.4,50,bid,FlawlessFlatbreads,EarnestEspressos,7595277
2026-07-04T23:05:59.757869,2026-07-04T23:05:59.769617+00:00,137.2,42,ask,EarnestEspressos,CostlyCorianders,7595294
2026-07-04T23:06:00.293190,2026-07-04T23:06:00.300909+00:00,137.2,3,ask,EarnestEspressos,Xuanyu Liu,7595309
2026-07-04T23:06:00.722278,2026-07-04T23:06:00.730430+00:00,137.3,49,bid,CostlyCorianders,DiligentDonuts,7595315
2026-07-04T23:06:00.878955,2026-07-04T23:06:00.889811+00:00,137.2,50,ask,EarnestEspressos,FlawlessFlatbreads,7595321
2026-07-04T23:06:00.993528,2026-07-04T23:06:01.002693+00:00,137.2,25,ask,EarnestEspressos,Yinxuan Li,7595322
2026-07-04T23:06:02.074676,2026-07-04T23:06:02.084204+00:00,137.2,11,ask,EarnestEspressos,Xuanyu Liu,7595332
2026-07-04T23:06:02.786068,2026-07-04T23:06:02.794073+00:00,136.9,11,bid,Xuanyu Liu,EarnestEspressos,7595340
2026-07-04T23:06:02.985922,2026-07-04T23:06:02.995674+00:00,136.8,50,ask,DiligentDonuts,FlawlessFlatbreads,7595345
2026-07-04T23:06:05.040856,2026-07-04T23:06:05.058563+00:00,136.9,50,bid,FlawlessFlatbreads,EarnestEspressos,7595384
2026-07-04T23:06:07.207623,2026-07-04T23:06:07.219034+00:00,136.7,50,ask,DiligentDonuts,FlawlessFlatbreads,7595413
2026-07-04T23:06:11.367993,2026-07-04T23:06:11.378024+00:00,136.9,50,bid,FlawlessFlatbreads,DiligentDonuts,7595489
2026-07-04T23:06:14.464281,2026-07-04T23:06:14.476050+00:00,136.6,44,ask,EarnestEspressos,CostlyCorianders,7595533
2026-07-04T23:06:14.972894,2026-07-04T23:06:14.984701+00:00,136.6,45,ask,EarnestEspressos,CostlyCorianders,7595540
2026-07-04T23:06:15.419016,2026-07-04T23:06:15.427226+00:00,136.6,100,ask,DiligentDonuts,EarnestEspressos,7595545
2026-07-04T23:06:15.428484,2026-07-04T23:06:15.436802+00:00,136.5,3,bid,Xuanyu Liu,EarnestEspressos,7595546
2026-07-04T23:06:15.578810,2026-07-04T23:06:15.589886+00:00,136.5,47,bid,FlawlessFlatbreads,EarnestEspressos,7595549
2026-07-04T23:06:15.578810,2026-07-04T23:06:15.589886+00:00,137.1,3,bid,FlawlessFlatbreads,DiligentDonuts,7595550
2026-07-04T23:06:17.041449,2026-07-04T23:06:17.058583+00:00,136.5,46,bid,CostlyCorianders,DiligentDonuts,7595570
2026-07-04T23:06:17.635029,2026-07-04T23:06:17.646701+00:00,136.5,48,bid,CostlyCorianders,DiligentDonuts,7595577
2026-07-04T23:06:17.686560,2026-07-04T23:06:17.698147+00:00,136.5,6,bid,FlawlessFlatbreads,DiligentDonuts,7595580
2026-07-04T23:06:19.795406,2026-07-04T23:06:19.807235+00:00,136.8,50,bid,FlawlessFlatbreads,DiligentDonuts,7595602
2026-07-04T23:06:21.904040,2026-07-04T23:06:21.912668+00:00,136.8,50,bid,FlawlessFlatbreads,DiligentDonuts,7595624
2026-07-04T23:06:23.417698,2026-07-04T23:06:23.429573+00:00,136.6,46,ask,EarnestEspressos,CostlyCorianders,7595649
2026-07-04T23:06:24.061721,2026-07-04T23:06:24.069076+00:00,136.6,50,ask,EarnestEspressos,FlawlessFlatbreads,7595659
2026-07-04T23:06:25.704926,2026-07-04T23:06:25.716138+00:00,136.7,48,bid,CostlyCorianders,EarnestEspressos,7595684
2026-07-04T23:06:26.168120,2026-07-04T23:06:26.180249+00:00,136.6,50,ask,DiligentDonuts,FlawlessFlatbreads,7595689
2026-07-04T23:06:31.404782,2026-07-04T23:06:31.413173+00:00,136.4,42,ask,DiligentDonuts,CostlyCorianders,7595745
2026-07-04T23:06:32.431672,2026-07-04T23:06:32.443118+00:00,136.7,50,bid,FlawlessFlatbreads,DiligentDonuts,7595763
2026-07-04T23:06:32.815089,2026-07-04T23:06:32.826471+00:00,136.3,49,ask,EarnestEspressos,CostlyCorianders,7595768
2026-07-04T23:06:33.378143,2026-07-04T23:06:33.389864+00:00,136.7,42,bid,CostlyCorianders,DiligentDonuts,7595771
2026-07-04T23:06:34.546608,2026-07-04T23:06:34.558644+00:00,136.2,40,ask,DiligentDonuts,CostlyCorianders,7595794
2026-07-04T23:06:37.667548,2026-07-04T23:06:37.679594+00:00,136.7,48,bid,CostlyCorianders,EarnestEspressos,7595846
2026-07-04T23:06:38.207803,2026-07-04T23:06:38.219716+00:00,136.7,43,bid,CostlyCorianders,EarnestEspressos,7595856
2026-07-04T23:06:39.296595,2026-07-04T23:06:39.304120+00:00,136.6,41,ask,DiligentDonuts,CostlyCorianders,7595870
2026-07-04T23:06:39.820009,2026-07-04T23:06:39.831131+00:00,136.6,44,ask,DiligentDonuts,CostlyCorianders,7595876
2026-07-04T23:06:40.903495,2026-07-04T23:06:40.911103+00:00,136.6,15,ask,DiligentDonuts,FlawlessFlatbreads,7595889
2026-07-04T23:06:40.903495,2026-07-04T23:06:40.916326+00:00,136.6,35,ask,EarnestEspressos,FlawlessFlatbreads,7595890
2026-07-04T23:06:42.500403,2026-07-04T23:06:42.511831+00:00,136.7,41,bid,CostlyCorianders,DiligentDonuts,7595922
2026-07-04T23:06:42.960257,2026-07-04T23:06:42.971438+00:00,136.7,50,bid,FlawlessFlatbreads,DiligentDonuts,7595926
2026-07-04T23:06:43.024299,2026-07-04T23:06:43.035741+00:00,136.7,9,bid,CostlyCorianders,DiligentDonuts,7595927
2026-07-04T23:06:44.050337,2026-07-04T23:06:44.061943+00:00,136.6,44,ask,EarnestEspressos,CostlyCorianders,7595940
2026-07-04T23:06:45.066260,2026-07-04T23:06:45.077184+00:00,137.0,50,bid,FlawlessFlatbreads,DiligentDonuts,7595955
2026-07-04T23:06:47.014410,2026-07-04T23:06:47.024056+00:00,137.0,49,bid,CostlyCorianders,DiligentDonuts,7595971
2026-07-04T23:06:47.171599,2026-07-04T23:06:47.183648+00:00,137.0,1,bid,FlawlessFlatbreads,DiligentDonuts,7595973
2026-07-04T23:06:47.171599,2026-07-04T23:06:47.183648+00:00,137.0,49,bid,FlawlessFlatbreads,EarnestEspressos,7595974
2026-07-04T23:06:47.384921,2026-07-04T23:06:47.396717+00:00,137.0,100,bid,DiligentDonuts,EarnestEspressos,7595976
2026-07-04T23:06:49.296489,2026-07-04T23:06:49.307376+00:00,137.0,1,bid,FlawlessFlatbreads,EarnestEspressos,7596007
2026-07-04T23:06:50.184302,2026-07-04T23:06:50.192176+00:00,137.0,14,ask,EarnestEspressos,Xuanyu Liu,7596015
2026-07-04T23:06:51.981196,2026-07-04T23:06:51.988953+00:00,137.0,12,ask,EarnestEspressos,Xuanyu Liu,7596045
2026-07-04T23:06:53.503838,2026-07-04T23:06:53.513457+00:00,137.1,50,bid,FlawlessFlatbreads,DiligentDonuts,7596066
2026-07-04T23:06:55.569763,2026-07-04T23:06:55.576392+00:00,136.9,43,ask,DiligentDonuts,CostlyCorianders,7596091
2026-07-04T23:06:55.670070,2026-07-04T23:06:55.677753+00:00,136.9,50,ask,DiligentDonuts,FlawlessFlatbreads,7596093
2026-07-04T23:06:56.131524,2026-07-04T23:06:56.143794+00:00,137.3,43,bid,CostlyCorianders,EarnestEspressos,7596101
2026-07-04T23:06:56.499012,2026-07-04T23:06:56.510624+00:00,137.3,100,bid,EarnestEspressos,DiligentDonuts,7596104
2026-07-04T23:06:57.234545,2026-07-04T23:06:57.242472+00:00,137.3,11,ask,EarnestEspressos,Xuanyu Liu,7596117
2026-07-04T23:06:58.548355,2026-07-04T23:06:58.558685+00:00,137.3,12,ask,EarnestEspressos,Xuanyu Liu,7596136
2026-07-04T23:06:59.727416,2026-07-04T23:06:59.736699+00:00,137.1,12,bid,Xuanyu Liu,EarnestEspressos,7596157
2026-07-04T23:07:00.920860,2026-07-04T23:07:00.929844+00:00,136.8,48,ask,DiligentDonuts,CostlyCorianders,7596181
2026-07-04T23:07:01.924651,2026-07-04T23:07:01.936245+00:00,137.1,49,bid,CostlyCorianders,EarnestEspressos,7596191
2026-07-04T23:07:01.966251,2026-07-04T23:07:01.973624+00:00,137.1,50,bid,FlawlessFlatbreads,EarnestEspressos,7596194
2026-07-04T23:07:01.999139,2026-07-04T23:07:02.010467+00:00,136.8,48,ask,DiligentDonuts,CostlyCorianders,7596196
2026-07-04T23:07:03.262279,2026-07-04T23:07:03.270492+00:00,137.0,100,ask,EarnestEspressos,DiligentDonuts,7596219
2026-07-04T23:07:04.222193,2026-07-04T23:07:04.233989+00:00,137.0,45,ask,EarnestEspressos,CostlyCorianders,7596227
2026-07-04T23:07:06.045268,2026-07-04T23:07:06.052882+00:00,137.1,11,bid,Xuanyu Liu,EarnestEspressos,7596260
2026-07-04T23:07:06.872191,2026-07-04T23:07:06.881340+00:00,137.1,49,bid,CostlyCorianders,EarnestEspressos,7596277
2026-07-04T23:07:08.056077,2026-07-04T23:07:08.058584+00:00,137.0,43,ask,DiligentDonuts,CostlyCorianders,7596298
2026-07-04T23:07:08.292579,2026-07-04T23:07:08.304289+00:00,137.1,50,bid,FlawlessFlatbreads,EarnestEspressos,7596305
2026-07-04T23:07:10.399279,2026-07-04T23:07:10.410793+00:00,137.0,50,bid,FlawlessFlatbreads,DiligentDonuts,7596324
2026-07-04T23:07:11.065063,2026-07-04T23:07:11.080936+00:00,136.8,25,ask,EarnestEspressos,Yinxuan Li,7596331
2026-07-04T23:07:11.338403,2026-07-04T23:07:11.358589+00:00,137.0,47,bid,CostlyCorianders,DiligentDonuts,7596339
2026-07-04T23:07:12.516305,2026-07-04T23:07:12.526274+00:00,137.0,3,bid,FlawlessFlatbreads,DiligentDonuts,7596349
2026-07-04T23:07:12.516305,2026-07-04T23:07:12.526274+00:00,137.2,47,bid,FlawlessFlatbreads,EarnestEspressos,7596350
2026-07-04T23:07:13.020706,2026-07-04T23:07:13.028231+00:00,137.2,40,bid,CostlyCorianders,EarnestEspressos,7596358
2026-07-04T23:07:13.756362,2026-07-04T23:07:13.755868+00:00,136.7,41,ask,EarnestEspressos,CostlyCorianders,7596365
2026-07-04T23:07:14.626226,2026-07-04T23:07:14.636737+00:00,137.2,50,bid,FlawlessFlatbreads,EarnestEspressos,7596378
2026-07-04T23:07:15.481073,2026-07-04T23:07:15.490448+00:00,137.0,11,ask,EarnestEspressos,Xuanyu Liu,7596386
2026-07-04T23:07:16.082737,2026-07-04T23:07:16.089893+00:00,137.2,41,bid,CostlyCorianders,DiligentDonuts,7596401
2026-07-04T23:07:16.086685,2026-07-04T23:07:16.095124+00:00,137.0,25,ask,EarnestEspressos,Yinxuan Li,7596402
2026-07-04T23:07:16.577590,2026-07-04T23:07:16.585445+00:00,137.0,12,ask,EarnestEspressos,Xuanyu Liu,7596412
2026-07-04T23:07:16.733498,2026-07-04T23:07:16.742312+00:00,137.2,50,bid,FlawlessFlatbreads,DiligentDonuts,7596418
2026-07-04T23:07:18.839497,2026-07-04T23:07:18.847014+00:00,137.2,9,bid,FlawlessFlatbreads,DiligentDonuts,7596444
2026-07-04T23:07:18.839497,2026-07-04T23:07:18.858612+00:00,137.3,41,bid,FlawlessFlatbreads,EarnestEspressos,7596445
2026-07-04T23:07:19.621449,2026-07-04T23:07:19.629262+00:00,137.0,11,ask,DiligentDonuts,Xuanyu Liu,7596452
2026-07-04T23:07:19.843376,2026-07-04T23:07:19.853022+00:00,137.0,43,ask,DiligentDonuts,CostlyCorianders,7596456
2026-07-04T23:07:20.946779,2026-07-04T23:07:20.956527+00:00,137.3,50,bid,FlawlessFlatbreads,EarnestEspressos,7596477
2026-07-04T23:07:21.100265,2026-07-04T23:07:21.112068+00:00,137.0,25,ask,DiligentDonuts,Yinxuan Li,7596478
2026-07-04T23:07:23.052629,2026-07-04T23:07:23.068701+00:00,137.1,50,bid,FlawlessFlatbreads,DiligentDonuts,7596506
2026-07-04T23:07:23.397146,2026-07-04T23:07:23.404813+00:00,137.1,48,bid,CostlyCorianders,DiligentDonuts,7596511
2026-07-04T23:07:24.415154,2026-07-04T23:07:24.424207+00:00,137.0,47,ask,EarnestEspressos,CostlyCorianders,7596525
2026-07-04T23:07:25.158561,2026-07-04T23:07:25.169948+00:00,137.1,2,bid,FlawlessFlatbreads,DiligentDonuts,7596535
2026-07-04T23:07:26.113371,2026-07-04T23:07:26.125039+00:00,136.8,25,ask,EarnestEspressos,Yinxuan Li,7596544
2026-07-04T23:07:27.386336,2026-07-04T23:07:27.398219+00:00,136.8,49,ask,EarnestEspressos,CostlyCorianders,7596557
2026-07-04T23:07:29.419672,2026-07-04T23:07:29.431907+00:00,136.9,50,ask,DiligentDonuts,FlawlessFlatbreads,7596579
2026-07-04T23:07:31.123719,2026-07-04T23:07:31.133287+00:00,136.9,25,ask,DiligentDonuts,Yinxuan Li,7596600
2026-07-04T23:07:31.527846,2026-07-04T23:07:31.539858+00:00,136.9,25,ask,DiligentDonuts,FlawlessFlatbreads,7596608
2026-07-04T23:07:31.527846,2026-07-04T23:07:31.539858+00:00,136.5,25,ask,EarnestEspressos,FlawlessFlatbreads,7596609
2026-07-04T23:07:32.734775,2026-07-04T23:07:32.747047+00:00,136.9,11,bid,Xuanyu Liu,DiligentDonuts,7596629
2026-07-04T23:07:33.639681,2026-07-04T23:07:33.646869+00:00,136.5,50,ask,EarnestEspressos,FlawlessFlatbreads,7596649
2026-07-04T23:07:34.505974,2026-07-04T23:07:34.514886+00:00,136.7,12,bid,Xuanyu Liu,EarnestEspressos,7596666
2026-07-04T23:07:35.282614,2026-07-04T23:07:35.289763+00:00,136.7,48,bid,CostlyCorianders,EarnestEspressos,7596681
2026-07-04T23:07:35.748018,2026-07-04T23:07:35.763969+00:00,136.6,50,ask,DiligentDonuts,FlawlessFlatbreads,7596688
2026-07-04T23:07:35.930032,2026-07-04T23:07:35.938882+00:00,136.7,11,bid,Xuanyu Liu,EarnestEspressos,7596693
2026-07-04T23:07:36.137969,2026-07-04T23:07:36.149909+00:00,136.6,25,ask,DiligentDonuts,Yinxuan Li,7596696
2026-07-04T23:07:37.855985,2026-07-04T23:07:37.867713+00:00,136.6,25,ask,DiligentDonuts,FlawlessFlatbreads,7596717
2026-07-04T23:07:37.855985,2026-07-04T23:07:37.867713+00:00,136.6,25,ask,EarnestEspressos,FlawlessFlatbreads,7596718
2026-07-04T23:07:38.430643,2026-07-04T23:07:38.442202+00:00,136.6,45,ask,EarnestEspressos,CostlyCorianders,7596722
2026-07-04T23:07:39.958174,2026-07-04T23:07:39.969750+00:00,136.9,40,bid,CostlyCorianders,DiligentDonuts,7596748
2026-07-04T23:07:39.965479,2026-07-04T23:07:39.975069+00:00,136.6,50,ask,EarnestEspressos,FlawlessFlatbreads,7596749
2026-07-04T23:07:40.849211,2026-07-04T23:07:40.860027+00:00,136.5,12,bid,Xuanyu Liu,EarnestEspressos,7596761
2026-07-04T23:07:41.065864,2026-07-04T23:07:41.075457+00:00,136.5,47,bid,CostlyCorianders,EarnestEspressos,7596767
2026-07-04T23:07:41.887127,2026-07-04T23:07:41.896853+00:00,136.5,11,bid,Xuanyu Liu,EarnestEspressos,7596792
2026-07-04T23:07:42.070055,2026-07-04T23:07:42.081848+00:00,136.4,50,ask,DiligentDonuts,FlawlessFlatbreads,7596800
2026-07-04T23:07:43.199985,2026-07-04T23:07:43.214997+00:00,136.5,3,bid,Xuanyu Liu,EarnestEspressos,7596812
2026-07-04T23:07:43.719896,2026-07-04T23:07:43.723678+00:00,136.4,49,ask,DiligentDonuts,CostlyCorianders,7596818
2026-07-04T23:07:46.282362,2026-07-04T23:07:46.292180+00:00,136.3,50,ask,EarnestEspressos,FlawlessFlatbreads,7596860
2026-07-04T23:07:48.389293,2026-07-04T23:07:48.401131+00:00,136.3,50,ask,EarnestEspressos,FlawlessFlatbreads,7596893
2026-07-04T23:07:50.283103,2026-07-04T23:07:50.293902+00:00,136.8,46,bid,CostlyCorianders,DiligentDonuts,7596926
2026-07-04T23:07:50.498193,2026-07-04T23:07:50.509658+00:00,136.3,50,ask,DiligentDonuts,FlawlessFlatbreads,7596932
2026-07-04T23:07:50.839620,2026-07-04T23:07:50.850628+00:00,136.5,46,bid,CostlyCorianders,EarnestEspressos,7596936
2026-07-04T23:07:51.820463,2026-07-04T23:07:51.832296+00:00,136.2,48,ask,DiligentDonuts,CostlyCorianders,7596957
2026-07-04T23:07:52.608623,2026-07-04T23:07:52.616066+00:00,136.2,50,ask,DiligentDonuts,FlawlessFlatbreads,7596968
2026-07-04T23:07:53.851891,2026-07-04T23:07:53.858553+00:00,136.5,100,ask,EarnestEspressos,DiligentDonuts,7596980
2026-07-04T23:07:54.240527,2026-07-04T23:07:54.252219+00:00,136.5,44,ask,EarnestEspressos,CostlyCorianders,7596987
2026-07-04T23:07:54.725430,2026-07-04T23:07:54.737024+00:00,136.5,6,ask,EarnestEspressos,FlawlessFlatbreads,7596998
2026-07-04T23:07:54.725430,2026-07-04T23:07:54.737024+00:00,136.0,44,ask,DiligentDonuts,FlawlessFlatbreads,7596999
2026-07-04T23:07:56.670359,2026-07-04T23:07:56.682302+00:00,136.2,3,bid,Xuanyu Liu,EarnestEspressos,7597031
2026-07-04T23:07:56.781221,2026-07-04T23:07:56.788272+00:00,136.2,50,bid,FlawlessFlatbreads,EarnestEspressos,7597035
2026-07-04T23:07:56.960272,2026-07-04T23:07:56.971995+00:00,136.2,97,bid,DiligentDonuts,EarnestEspressos,7597036
2026-07-04T23:07:57.526837,2026-07-04T23:07:57.533902+00:00,136.7,42,bid,CostlyCorianders,DiligentDonuts,7597043
2026-07-04T23:07:57.729407,2026-07-04T23:07:57.739687+00:00,136.2,3,ask,DiligentDonuts,Xuanyu Liu,7597047
2026-07-04T23:07:58.012959,2026-07-04T23:07:58.024608+00:00,136.7,44,bid,CostlyCorianders,DiligentDonuts,7597055
2026-07-04T23:07:58.894829,2026-07-04T23:07:58.905960+00:00,136.7,14,bid,FlawlessFlatbreads,DiligentDonuts,7597069
2026-07-04T23:08:01.003581,2026-07-04T23:08:01.015014+00:00,136.8,50,bid,FlawlessFlatbreads,DiligentDonuts,7597098
2026-07-04T23:08:03.162521,2026-07-04T23:08:03.173980+00:00,136.3,50,ask,DiligentDonuts,FlawlessFlatbreads,7597130
2026-07-04T23:08:05.210087,2026-07-04T23:08:05.217355+00:00,136.3,47,ask,EarnestEspressos,CostlyCorianders,7597153
2026-07-04T23:08:05.217384,2026-07-04T23:08:05.227971+00:00,136.6,50,bid,FlawlessFlatbreads,DiligentDonuts,7597154
2026-07-04T23:08:05.814107,2026-07-04T23:08:05.825675+00:00,136.6,47,bid,CostlyCorianders,DiligentDonuts,7597162
2026-07-04T23:08:06.785988,2026-07-04T23:08:06.794901+00:00,136.6,42,bid,CostlyCorianders,EarnestEspressos,7597171
2026-07-04T23:08:07.381415,2026-07-04T23:08:07.390994+00:00,136.5,50,ask,DiligentDonuts,FlawlessFlatbreads,7597180
2026-07-04T23:08:09.436430,2026-07-04T23:08:09.444941+00:00,136.8,50,bid,FlawlessFlatbreads,EarnestEspressos,7597212
2026-07-04T23:08:11.380327,2026-07-04T23:08:11.388177+00:00,136.4,43,ask,DiligentDonuts,CostlyCorianders,7597238
2026-07-04T23:08:11.543887,2026-07-04T23:08:11.555733+00:00,136.8,50,bid,FlawlessFlatbreads,EarnestEspressos,7597241
2026-07-04T23:08:11.990494,2026-07-04T23:08:12.001882+00:00,136.4,47,ask,DiligentDonuts,CostlyCorianders,7597253
2026-07-04T23:08:12.833802,2026-07-04T23:08:12.843341+00:00,136.6,100,ask,EarnestEspressos,DiligentDonuts,7597266
2026-07-04T23:08:13.662144,2026-07-04T23:08:13.673716+00:00,137.1,50,bid,FlawlessFlatbreads,EarnestEspressos,7597279
2026-07-04T23:08:14.119599,2026-07-04T23:08:14.131260+00:00,137.1,47,bid,CostlyCorianders,EarnestEspressos,7597285
2026-07-04T23:08:15.768218,2026-07-04T23:08:15.779948+00:00,137.1,50,bid,FlawlessFlatbreads,EarnestEspressos,7597305
2026-07-04T23:08:16.018154,2026-07-04T23:08:16.026983+00:00,136.6,3,ask,EarnestEspressos,Xuanyu Liu,7597313
2026-07-04T23:08:16.188092,2026-07-04T23:08:16.199732+00:00,136.6,25,ask,EarnestEspressos,Yinxuan Li,7597316
2026-07-04T23:08:16.849036,2026-07-04T23:08:16.860781+00:00,136.6,49,ask,EarnestEspressos,CostlyCorianders,7597326
2026-07-04T23:08:17.953794,2026-07-04T23:08:17.958583+00:00,136.6,50,ask,EarnestEspressos,FlawlessFlatbreads,7597345
2026-07-04T23:08:20.060256,2026-07-04T23:08:20.072129+00:00,136.2,50,ask,EarnestEspressos,FlawlessFlatbreads,7597381
2026-07-04T23:08:21.214412,2026-07-04T23:08:21.226118+00:00,136.7,44,bid,CostlyCorianders,EarnestEspressos,7597397
2026-07-04T23:08:22.168678,2026-07-04T23:08:22.180208+00:00,136.2,50,ask,DiligentDonuts,FlawlessFlatbreads,7597416
2026-07-04T23:08:22.262454,2026-07-04T23:08:22.274077+00:00,136.2,49,ask,EarnestEspressos,CostlyCorianders,7597417
2026-07-04T23:08:24.275292,2026-07-04T23:08:24.287179+00:00,136.2,50,ask,EarnestEspressos,FlawlessFlatbreads,7597441
2026-07-04T23:08:25.185337,2026-07-04T23:08:25.194920+00:00,136.3,3,bid,Xuanyu Liu,EarnestEspressos,7597456
2026-07-04T23:08:26.214617,2026-07-04T23:08:26.225500+00:00,136.3,25,bid,Yinxuan Li,EarnestEspressos,7597478
2026-07-04T23:08:26.384818,2026-07-04T23:08:26.396412+00:00,136.1,50,ask,DiligentDonuts,FlawlessFlatbreads,7597483
2026-07-04T23:08:27.506579,2026-07-04T23:08:27.515014+00:00,136.3,47,bid,CostlyCorianders,EarnestEspressos,7597498
2026-07-04T23:08:27.964416,2026-07-04T23:08:27.973945+00:00,136.3,49,bid,CostlyCorianders,EarnestEspressos,7597503
2026-07-04T23:08:28.496702,2026-07-04T23:08:28.507593+00:00,136.3,50,ask,EarnestEspressos,FlawlessFlatbreads,7597507
2026-07-04T23:08:29.630486,2026-07-04T23:08:29.642306+00:00,136.3,46,ask,EarnestEspressos,CostlyCorianders,7597534
2026-07-04T23:08:30.603692,2026-07-04T23:08:30.615532+00:00,136.3,50,ask,EarnestEspressos,FlawlessFlatbreads,7597547
2026-07-04T23:08:31.792994,2026-07-04T23:08:31.801778+00:00,136.3,3,bid,Xuanyu Liu,EarnestEspressos,7597559
2026-07-04T23:08:32.711106,2026-07-04T23:08:32.722823+00:00,136.0,50,ask,DiligentDonuts,FlawlessFlatbreads,7597568
2026-07-04T23:08:34.822688,2026-07-04T23:08:34.830399+00:00,136.0,50,ask,DiligentDonuts,FlawlessFlatbreads,7597607
2026-07-04T23:08:36.227563,2026-07-04T23:08:36.229410+00:00,136.3,25,bid,Yinxuan Li,DiligentDonuts,7597624
2026-07-04T23:08:36.930223,2026-07-04T23:08:36.940459+00:00,135.9,50,ask,EarnestEspressos,FlawlessFlatbreads,7597634
2026-07-04T23:08:38.378645,2026-07-04T23:08:38.387667+00:00,136.2,11,bid,Xuanyu Liu,EarnestEspressos,7597654
2026-07-04T23:08:39.036637,2026-07-04T23:08:39.048447+00:00,135.9,50,ask,DiligentDonuts,FlawlessFlatbreads,7597664
2026-07-04T23:08:41.152533,2026-07-04T23:08:41.164051+00:00,135.9,50,ask,DiligentDonuts,FlawlessFlatbreads,7597699
2026-07-04T23:08:41.240567,2026-07-04T23:08:41.250116+00:00,136.3,25,bid,Yinxuan Li,EarnestEspressos,7597701
2026-07-04T23:08:41.335266,2026-07-04T23:08:41.345437+00:00,136.1,12,bid,Xuanyu Liu,DiligentDonuts,7597706
2026-07-04T23:08:42.569548,2026-07-04T23:08:42.578841+00:00,136.1,11,bid,Xuanyu Liu,DiligentDonuts,7597738
2026-07-04T23:08:43.260401,2026-07-04T23:08:43.271908+00:00,135.8,50,ask,EarnestEspressos,FlawlessFlatbreads,7597756
2026-07-04T23:08:45.318079,2026-07-04T23:08:45.325523+00:00,136.0,50,bid,FlawlessFlatbreads,EarnestEspressos,7597783
2026-07-04T23:08:47.426973,2026-07-04T23:08:47.438633+00:00,135.8,50,bid,FlawlessFlatbreads,EarnestEspressos,7597821
2026-07-04T23:08:47.479696,2026-07-04T23:08:47.491252+00:00,135.8,40,bid,CostlyCorianders,EarnestEspressos,7597823
2026-07-04T23:08:48.561603,2026-07-04T23:08:48.569429+00:00,135.6,41,bid,CostlyCorianders,DiligentDonuts,7597844
2026-07-04T23:08:48.616747,2026-07-04T23:08:48.626601+00:00,135.3,48,ask,EarnestEspressos,CostlyCorianders,7597846
2026-07-04T23:08:49.537844,2026-07-04T23:08:49.549496+00:00,135.6,50,bid,FlawlessFlatbreads,DiligentDonuts,7597865
2026-07-04T23:08:50.433078,2026-07-04T23:08:50.445530+00:00,135.6,9,bid,EarnestEspressos,DiligentDonuts,7597871
2026-07-04T23:08:51.644676,2026-07-04T23:08:51.658582+00:00,136.0,50,bid,FlawlessFlatbreads,DiligentDonuts,7597892
2026-07-04T23:08:52.036717,2026-07-04T23:08:52.048538+00:00,135.6,43,ask,EarnestEspressos,CostlyCorianders,7597896
2026-07-04T23:08:55.221195,2026-07-04T23:08:55.229363+00:00,135.7,11,ask,DiligentDonuts,Xuanyu Liu,7597946
2026-07-04T23:08:56.262655,2026-07-04T23:08:56.269396+00:00,135.9,25,bid,Yinxuan Li,EarnestEspressos,7597969
2026-07-04T23:08:56.749865,2026-07-04T23:08:56.757453+00:00,135.7,23,ask,DiligentDonuts,Xuanyu Liu,7597974
2026-07-04T23:08:56.949964,2026-07-04T23:08:56.961443+00:00,136.0,47,bid,CostlyCorianders,EarnestEspressos,7597978
2026-07-04T23:08:57.960210,2026-07-04T23:08:57.971813+00:00,135.7,50,bid,FlawlessFlatbreads,DiligentDonuts,7597989
2026-07-04T23:09:00.077603,2026-07-04T23:09:00.087413+00:00,135.7,50,bid,FlawlessFlatbreads,DiligentDonuts,7598022
2026-07-04T23:09:01.278027,2026-07-04T23:09:01.284842+00:00,136.1,25,bid,Yinxuan Li,EarnestEspressos,7598047
2026-07-04T23:09:02.236497,2026-07-04T23:09:02.248217+00:00,135.8,50,ask,DiligentDonuts,FlawlessFlatbreads,7598066
2026-07-04T23:09:02.986269,2026-07-04T23:09:02.997678+00:00,135.8,42,ask,DiligentDonuts,CostlyCorianders,7598078
2026-07-04T23:09:03.563366,2026-07-04T23:09:03.575023+00:00,136.2,47,bid,CostlyCorianders,DiligentDonuts,7598084
2026-07-04T23:09:04.201894,2026-07-04T23:09:04.213600+00:00,135.9,46,ask,EarnestEspressos,CostlyCorianders,7598090
2026-07-04T23:09:04.344674,2026-07-04T23:09:04.353572+00:00,135.9,50,ask,EarnestEspressos,FlawlessFlatbreads,7598095
2026-07-04T23:09:04.845666,2026-07-04T23:09:04.857167+00:00,136.2,44,bid,CostlyCorianders,DiligentDonuts,7598100
2026-07-04T23:09:06.287987,2026-07-04T23:09:06.298078+00:00,136.2,9,bid,Yinxuan Li,DiligentDonuts,7598122
2026-07-04T23:09:06.386658,2026-07-04T23:09:06.398246+00:00,136.2,48,bid,CostlyCorianders,EarnestEspressos,7598124
2026-07-04T23:09:06.451172,2026-07-04T23:09:06.457599+00:00,135.7,50,ask,DiligentDonuts,FlawlessFlatbreads,7598127
2026-07-04T23:09:08.576267,2026-07-04T23:09:08.583726+00:00,136.1,50,ask,DiligentDonuts,FlawlessFlatbreads,7598160
2026-07-04T23:09:09.159442,2026-07-04T23:09:09.169128+00:00,136.2,23,bid,Xuanyu Liu,EarnestEspressos,7598162
2026-07-04T23:09:12.459471,2026-07-04T23:09:12.467227+00:00,136.2,23,ask,EarnestEspressos,Xuanyu Liu,7598204
2026-07-04T23:09:12.790444,2026-07-04T23:09:12.801853+00:00,136.1,50,ask,DiligentDonuts,FlawlessFlatbreads,7598209
2026-07-04T23:09:13.155160,2026-07-04T23:09:13.155996+00:00,135.8,44,ask,EarnestEspressos,CostlyCorianders,7598211
2026-07-04T23:09:14.894938,2026-07-04T23:09:14.906378+00:00,135.8,50,ask,EarnestEspressos,FlawlessFlatbreads,7598234
2026-07-04T23:09:15.796691,2026-07-04T23:09:15.806339+00:00,135.8,11,bid,Xuanyu Liu,EarnestEspressos,7598240
2026-07-04T23:09:16.303368,2026-07-04T23:09:16.310059+00:00,135.8,25,bid,Yinxuan Li,EarnestEspressos,7598246
2026-07-04T23:09:16.415023,2026-07-04T23:09:16.423055+00:00,135.8,12,bid,Xuanyu Liu,EarnestEspressos,7598248
2026-07-04T23:09:17.000488,2026-07-04T23:09:17.010997+00:00,135.5,50,ask,DiligentDonuts,FlawlessFlatbreads,7598255
2026-07-04T23:09:17.996918,2026-07-04T23:09:18.006521+00:00,135.5,48,ask,DiligentDonuts,CostlyCorianders,7598265
2026-07-04T23:09:19.105942,2026-07-04T23:09:19.116098+00:00,135.5,2,ask,DiligentDonuts,FlawlessFlatbreads,7598276
2026-07-04T23:09:19.105942,2026-07-04T23:09:19.116098+00:00,135.4,48,ask,EarnestEspressos,FlawlessFlatbreads,7598277
2026-07-04T23:09:19.421796,2026-07-04T23:09:19.430865+00:00,135.6,11,bid,Xuanyu Liu,DiligentDonuts,7598285
2026-07-04T23:09:19.649337,2026-07-04T23:09:19.658568+00:00,135.6,42,bid,CostlyCorianders,DiligentDonuts,7598290
2026-07-04T23:09:20.662889,2026-07-04T23:09:20.674170+00:00,135.6,47,bid,CostlyCorianders,DiligentDonuts,7598304
2026-07-04T23:09:20.662889,2026-07-04T23:09:20.674170+00:00,135.9,1,bid,CostlyCorianders,EarnestEspressos,7598305
2026-07-04T23:09:21.230573,2026-07-04T23:09:21.245416+00:00,135.4,50,ask,EarnestEspressos,FlawlessFlatbreads,7598317
2026-07-04T23:09:21.317691,2026-07-04T23:09:21.324569+00:00,135.9,25,bid,Yinxuan Li,EarnestEspressos,7598319
2026-07-04T23:09:21.624102,2026-07-04T23:09:21.634589+00:00,135.4,42,ask,EarnestEspressos,CostlyCorianders,7598324
2026-07-04T23:09:22.116186,2026-07-04T23:09:22.124102+00:00,135.5,12,bid,Xuanyu Liu,EarnestEspressos,7598341
2026-07-04T23:09:22.187400,2026-07-04T23:09:22.199099+00:00,135.5,46,bid,CostlyCorianders,EarnestEspressos,7598343
2026-07-04T23:09:22.385146,2026-07-04T23:09:22.392565+00:00,135.5,92,bid,DiligentDonuts,EarnestEspressos,7598349
2026-07-04T23:09:23.340854,2026-07-04T23:09:23.352484+00:00,135.5,8,ask,DiligentDonuts,FlawlessFlatbreads,7598363
2026-07-04T23:09:23.340854,2026-07-04T23:09:23.352484+00:00,135.1,42,ask,EarnestEspressos,FlawlessFlatbreads,7598364
2026-07-04T23:09:24.141000,2026-07-04T23:09:24.152434+00:00,135.1,40,ask,EarnestEspressos,CostlyCorianders,7598371
2026-07-04T23:09:25.475713,2026-07-04T23:09:25.484903+00:00,135.3,50,ask,EarnestEspressos,FlawlessFlatbreads,7598386
2026-07-04T23:09:26.331747,2026-07-04T23:09:26.341061+00:00,135.6,16,bid,Yinxuan Li,DiligentDonuts,7598402
2026-07-04T23:09:27.359651,2026-07-04T23:09:27.371077+00:00,135.3,49,ask,EarnestEspressos,CostlyCorianders,7598415
2026-07-04T23:09:27.581579,2026-07-04T23:09:27.593133+00:00,135.3,50,ask,EarnestEspressos,FlawlessFlatbreads,7598417
2026-07-04T23:09:28.425008,2026-07-04T23:09:28.445282+00:00,135.1,100,ask,DiligentDonuts,EarnestEspressos,7598426
2026-07-04T23:09:28.435813,2026-07-04T23:09:28.445282+00:00,135.1,34,bid,Xuanyu Liu,EarnestEspressos,7598427
2026-07-04T23:09:28.492193,2026-07-04T23:09:28.500780+00:00,135.1,16,bid,Xuanyu Liu,EarnestEspressos,7598433
2026-07-04T23:09:28.775216,2026-07-04T23:09:28.787043+00:00,135.8,46,bid,CostlyCorianders,DiligentDonuts,7598437
2026-07-04T23:09:29.411753,2026-07-04T23:09:29.423436+00:00,135.8,48,bid,CostlyCorianders,DiligentDonuts,7598445
2026-07-04T23:09:29.500848,2026-07-04T23:09:29.509252+00:00,135.3,5,ask,DiligentDonuts,Xuanyu Liu,7598447
2026-07-04T23:09:30.892773,2026-07-04T23:09:30.904144+00:00,135.3,44,ask,DiligentDonuts,CostlyCorianders,7598475
2026-07-04T23:09:31.802845,2026-07-04T23:09:31.814324+00:00,135.6,50,ask,EarnestEspressos,FlawlessFlatbreads,7598487
2026-07-04T23:09:32.135535,2026-07-04T23:09:32.149958+00:00,135.6,23,ask,EarnestEspressos,Xuanyu Liu,7598491
2026-07-04T23:09:33.265130,2026-07-04T23:09:33.276588+00:00,135.6,46,ask,EarnestEspressos,CostlyCorianders,7598511
2026-07-04T23:09:33.434176,2026-07-04T23:09:33.442427+00:00,135.6,11,ask,EarnestEspressos,Xuanyu Liu,7598519
2026-07-04T23:09:34.651340,2026-07-04T23:09:34.655158+00:00,135.9,42,bid,CostlyCorianders,DiligentDonuts,7598544
2026-07-04T23:09:34.746856,2026-07-04T23:09:34.758283+00:00,135.4,100,ask,DiligentDonuts,EarnestEspressos,7598545
2026-07-04T23:09:34.759578,2026-07-04T23:09:34.767526+00:00,135.3,11,bid,Xuanyu Liu,EarnestEspressos,7598546
2026-07-04T23:09:36.348102,2026-07-04T23:09:36.356233+00:00,135.3,12,bid,Xuanyu Liu,EarnestEspressos,7598572
2026-07-04T23:09:36.974829,2026-07-04T23:09:36.984549+00:00,135.3,27,bid,CostlyCorianders,EarnestEspressos,7598582
2026-07-04T23:09:36.974829,2026-07-04T23:09:36.989842+00:00,135.4,21,bid,CostlyCorianders,DiligentDonuts,7598583
2026-07-04T23:09:37.858960,2026-07-04T23:09:37.868093+00:00,135.4,79,bid,EarnestEspressos,DiligentDonuts,7598596
2026-07-04T23:09:37.922976,2026-07-04T23:09:37.932318+00:00,135.5,12,ask,EarnestEspressos,Xuanyu Liu,7598597
2026-07-04T23:09:39.551391,2026-07-04T23:09:39.561844+00:00,135.5,47,ask,EarnestEspressos,CostlyCorianders,7598622
2026-07-04T23:09:40.176178,2026-07-04T23:09:40.182696+00:00,135.8,50,bid,FlawlessFlatbreads,DiligentDonuts,7598637
2026-07-04T23:09:41.358162,2026-07-04T23:09:41.369180+00:00,135.6,100,bid,DiligentDonuts,EarnestEspressos,7598657
2026-07-04T23:09:42.282293,2026-07-04T23:09:42.292016+00:00,135.6,50,bid,FlawlessFlatbreads,EarnestEspressos,7598666
2026-07-04T23:09:43.063148,2026-07-04T23:09:43.069935+00:00,136.1,48,bid,CostlyCorianders,DiligentDonuts,7598683
2026-07-04T23:09:43.646027,2026-07-04T23:09:43.650415+00:00,135.1,42,ask,EarnestEspressos,CostlyCorianders,7598694
2026-07-04T23:09:44.388350,2026-07-04T23:09:44.395571+00:00,136.1,50,bid,FlawlessFlatbreads,DiligentDonuts,7598703
2026-07-04T23:09:44.643726,2026-07-04T23:09:44.655355+00:00,136.1,44,bid,CostlyCorianders,EarnestEspressos,7598707
2026-07-04T23:09:46.494146,2026-07-04T23:09:46.505578+00:00,136.1,50,bid,FlawlessFlatbreads,EarnestEspressos,7598735
2026-07-04T23:09:46.725494,2026-07-04T23:09:46.735193+00:00,135.8,41,ask,DiligentDonuts,CostlyCorianders,7598738
2026-07-04T23:09:47.202767,2026-07-04T23:09:47.214232+00:00,136.1,48,bid,CostlyCorianders,EarnestEspressos,7598745
2026-07-04T23:09:47.359405,2026-07-04T23:09:47.366669+00:00,136.2,45,ask,EarnestEspressos,Xuanyu Liu,7598751
2026-07-04T23:09:47.730197,2026-07-04T23:09:47.739914+00:00,136.2,100,ask,EarnestEspressos,DiligentDonuts,7598755
2026-07-04T23:09:48.601510,2026-07-04T23:09:48.612978+00:00,136.7,50,bid,FlawlessFlatbreads,EarnestEspressos,7598765
2026-07-04T23:09:49.195677,2026-07-04T23:09:49.203464+00:00,136.2,5,ask,EarnestEspressos,Xuanyu Liu,7598773
2026-07-04T23:09:49.331343,2026-07-04T23:09:49.343008+00:00,135.6,42,ask,DiligentDonuts,CostlyCorianders,7598776
2026-07-04T23:09:50.712372,2026-07-04T23:09:50.722991+00:00,136.1,50,bid,FlawlessFlatbreads,EarnestEspressos,7598808
2026-07-04T23:09:51.331362,2026-07-04T23:09:51.342936+00:00,135.6,47,ask,EarnestEspressos,CostlyCorianders,7598814
2026-07-04T23:09:52.869306,2026-07-04T23:09:52.876802+00:00,135.6,50,ask,EarnestEspressos,FlawlessFlatbreads,7598840
2026-07-04T23:09:53.735310,2026-07-04T23:09:53.745073+00:00,135.9,5,bid,Xuanyu Liu,EarnestEspressos,7598849
2026-07-04T23:09:53.964081,2026-07-04T23:09:53.981189+00:00,135.9,44,bid,CostlyCorianders,EarnestEspressos,7598858
2026-07-04T23:09:54.448280,2026-07-04T23:09:54.451021+00:00,135.6,43,ask,DiligentDonuts,CostlyCorianders,7598869
2026-07-04T23:09:54.924809,2026-07-04T23:09:54.936306+00:00,135.9,50,bid,FlawlessFlatbreads,EarnestEspressos,7598880
2026-07-04T23:09:55.026546,2026-07-04T23:09:55.038316+00:00,135.9,46,bid,CostlyCorianders,EarnestEspressos,7598881
2026-07-04T23:09:57.032353,2026-07-04T23:09:57.043906+00:00,136.1,50,bid,FlawlessFlatbreads,DiligentDonuts,7598914
2026-07-04T23:09:59.139637,2026-07-04T23:09:59.151118+00:00,136.1,50,bid,FlawlessFlatbreads,DiligentDonuts,7598933
2026-07-04T23:10:01.021496,2026-07-04T23:10:01.029551+00:00,136.0,12,ask,EarnestEspressos,Xuanyu Liu,7598967
2026-07-04T23:10:01.296538,2026-07-04T23:10:01.308359+00:00,136.0,50,ask,EarnestEspressos,FlawlessFlatbreads,7598972
2026-07-04T23:10:01.321075,2026-07-04T23:10:01.332976+00:00,136.0,45,ask,EarnestEspressos,CostlyCorianders,7598973
2026-07-04T23:10:02.497387,2026-07-04T23:10:02.507162+00:00,136.0,40,ask,EarnestEspressos,CostlyCorianders,7598993
2026-07-04T23:10:03.231601,2026-07-04T23:10:03.238751+00:00,135.8,100,ask,DiligentDonuts,EarnestEspressos,7598999
2026-07-04T23:10:03.354151,2026-07-04T23:10:03.366001+00:00,135.8,50,bid,FlawlessFlatbreads,EarnestEspressos,7599003
2026-07-04T23:10:04.152735,2026-07-04T23:10:04.164303+00:00,135.8,49,bid,CostlyCorianders,DiligentDonuts,7599016
2026-07-04T23:10:05.513826,2026-07-04T23:10:05.525463+00:00,135.3,50,ask,EarnestEspressos,FlawlessFlatbreads,7599033
2026-07-04T23:10:06.647100,2026-07-04T23:10:06.658795+00:00,135.4,49,ask,EarnestEspressos,CostlyCorianders,7599043
2026-07-04T23:10:07.570892,2026-07-04T23:10:07.578861+00:00,135.7,47,bid,CostlyCorianders,DiligentDonuts,7599058
2026-07-04T23:10:08.715863,2026-07-04T23:10:08.726716+00:00,135.4,44,ask,EarnestEspressos,CostlyCorianders,7599074
2026-07-04T23:10:09.324450,2026-07-04T23:10:09.336171+00:00,135.7,43,bid,CostlyCorianders,DiligentDonuts,7599081
2026-07-04T23:10:09.568054,2026-07-04T23:10:09.577772+00:00,135.4,12,bid,Xuanyu Liu,EarnestEspressos,7599082
2026-07-04T23:10:09.676211,2026-07-04T23:10:09.687591+00:00,135.4,50,bid,FlawlessFlatbreads,EarnestEspressos,7599084
2026-07-04T23:10:09.843256,2026-07-04T23:10:09.854856+00:00,135.4,88,bid,DiligentDonuts,EarnestEspressos,7599087
2026-07-04T23:10:11.834029,2026-07-04T23:10:11.863883+00:00,135.4,12,ask,DiligentDonuts,FlawlessFlatbreads,7599121
2026-07-04T23:10:11.834029,2026-07-04T23:10:11.863883+00:00,134.9,38,ask,EarnestEspressos,FlawlessFlatbreads,7599122
2026-07-04T23:10:12.107600,2026-07-04T23:10:12.119205+00:00,135.9,40,bid,CostlyCorianders,DiligentDonuts,7599124
2026-07-04T23:10:13.963925,2026-07-04T23:10:13.975693+00:00,135.6,50,ask,EarnestEspressos,FlawlessFlatbreads,7599163
2026-07-04T23:10:14.669669,2026-07-04T23:10:14.680199+00:00,135.6,43,ask,EarnestEspressos,CostlyCorianders,7599179
2026-07-04T23:10:15.464863,2026-07-04T23:10:15.473533+00:00,135.6,12,ask,EarnestEspressos,Xuanyu Liu,7599195
2026-07-04T23:10:16.019589,2026-07-04T23:10:16.031751+00:00,135.4,50,bid,FlawlessFlatbreads,EarnestEspressos,7599203
2026-07-04T23:10:16.324534,2026-07-04T23:10:16.334337+00:00,135.4,12,bid,Xuanyu Liu,EarnestEspressos,7599206
2026-07-04T23:10:16.768499,2026-07-04T23:10:16.776190+00:00,135.4,11,bid,Xuanyu Liu,EarnestEspressos,7599218
2026-07-04T23:10:18.138209,2026-07-04T23:10:18.146958+00:00,135.4,50,bid,FlawlessFlatbreads,EarnestEspressos,7599238
2026-07-04T23:10:18.870963,2026-07-04T23:10:18.879971+00:00,135.4,27,bid,CostlyCorianders,EarnestEspressos,7599252
2026-07-04T23:10:18.870963,2026-07-04T23:10:18.879971+00:00,135.7,19,bid,CostlyCorianders,DiligentDonuts,7599253
2026-07-04T23:10:18.927482,2026-07-04T23:10:18.938798+00:00,135.2,43,ask,DiligentDonuts,CostlyCorianders,7599254
2026-07-04T23:10:19.030810,2026-07-04T23:10:19.037296+00:00,135.7,81,bid,EarnestEspressos,DiligentDonuts,7599255
2026-07-04T23:10:19.098933,2026-07-04T23:10:19.106852+00:00,135.7,23,ask,EarnestEspressos,Xuanyu Liu,7599257
2026-07-04T23:10:20.245374,2026-07-04T23:10:20.258564+00:00,136.0,50,bid,FlawlessFlatbreads,DiligentDonuts,7599274
2026-07-04T23:10:21.233482,2026-07-04T23:10:21.242622+00:00,135.7,43,ask,EarnestEspressos,CostlyCorianders,7599287
2026-07-04T23:10:22.373724,2026-07-04T23:10:22.384459+00:00,135.7,50,bid,FlawlessFlatbreads,EarnestEspressos,7599302
2026-07-04T23:10:22.489205,2026-07-04T23:10:22.497080+00:00,135.7,100,bid,DiligentDonuts,EarnestEspressos,7599304
2026-07-04T23:10:24.150127,2026-07-04T23:10:24.163608+00:00,136.3,42,bid,CostlyCorianders,DiligentDonuts,7599323
2026-07-04T23:10:26.125140,2026-07-04T23:10:26.136609+00:00,136.1,42,bid,CostlyCorianders,DiligentDonuts,7599358
2026-07-04T23:10:26.635144,2026-07-04T23:10:26.642282+00:00,135.8,50,ask,EarnestEspressos,FlawlessFlatbreads,7599367
2026-07-04T23:10:27.836674,2026-07-04T23:10:27.843932+00:00,135.8,44,ask,EarnestEspressos,CostlyCorianders,7599390
2026-07-04T23:10:28.479929,2026-07-04T23:10:28.486456+00:00,136.1,47,bid,CostlyCorianders,DiligentDonuts,7599398
2026-07-04T23:10:28.689941,2026-07-04T23:10:28.701510+00:00,136.1,11,bid,FlawlessFlatbreads,DiligentDonuts,7599402
2026-07-04T23:10:28.689941,2026-07-04T23:10:28.701510+00:00,136.1,39,bid,FlawlessFlatbreads,EarnestEspressos,7599403
2026-07-04T23:10:28.809050,2026-07-04T23:10:28.816060+00:00,136.1,100,bid,DiligentDonuts,EarnestEspressos,7599406
2026-07-04T23:10:31.703568,2026-07-04T23:10:31.715142+00:00,135.9,11,ask,EarnestEspressos,Xuanyu Liu,7599450
2026-07-04T23:10:33.225912,2026-07-04T23:10:33.232772+00:00,135.9,41,ask,EarnestEspressos,CostlyCorianders,7599480
2026-07-04T23:10:35.056947,2026-07-04T23:10:35.068568+00:00,135.7,50,ask,EarnestEspressos,FlawlessFlatbreads,7599514
2026-07-04T23:10:36.753654,2026-07-04T23:10:36.758555+00:00,136.1,44,bid,CostlyCorianders,DiligentDonuts,7599536
2026-07-04T23:10:37.169202,2026-07-04T23:10:37.178214+00:00,135.7,50,ask,EarnestEspressos,FlawlessFlatbreads,7599541
2026-07-04T23:10:39.275417,2026-07-04T23:10:39.283205+00:00,135.8,50,ask,DiligentDonuts,FlawlessFlatbreads,7599579
2026-07-04T23:10:40.472878,2026-07-04T23:10:40.480271+00:00,135.8,49,ask,DiligentDonuts,CostlyCorianders,7599591
2026-07-04T23:10:41.257641,2026-07-04T23:10:41.269187+00:00,135.8,1,ask,DiligentDonuts,EarnestEspressos,7599605
2026-07-04T23:10:41.270427,2026-07-04T23:10:41.279160+00:00,135.7,11,bid,Xuanyu Liu,EarnestEspressos,7599606
2026-07-04T23:10:41.381724,2026-07-04T23:10:41.393504+00:00,135.2,50,ask,EarnestEspressos,FlawlessFlatbreads,7599608
2026-07-04T23:10:41.652985,2026-07-04T23:10:41.658598+00:00,135.7,44,bid,CostlyCorianders,EarnestEspressos,7599611
2026-07-04T23:10:43.488575,2026-07-04T23:10:43.500413+00:00,135.4,50,ask,DiligentDonuts,FlawlessFlatbreads,7599636
2026-07-04T23:10:44.265155,2026-07-04T23:10:44.275273+00:00,135.4,44,ask,DiligentDonuts,CostlyCorianders,7599652
2026-07-04T23:10:44.689933,2026-07-04T23:10:44.698149+00:00,135.6,12,bid,Xuanyu Liu,DiligentDonuts,7599657
2026-07-04T23:10:45.389791,2026-07-04T23:10:45.399864+00:00,135.6,11,bid,Xuanyu Liu,DiligentDonuts,7599667
2026-07-04T23:10:45.546375,2026-07-04T23:10:45.552827+00:00,135.6,50,bid,FlawlessFlatbreads,DiligentDonuts,7599673
2026-07-04T23:10:45.640955,2026-07-04T23:10:45.648986+00:00,135.6,23,bid,Xuanyu Liu,DiligentDonuts,7599676
2026-07-04T23:10:47.531324,2026-07-04T23:10:47.542996+00:00,135.6,4,bid,EarnestEspressos,DiligentDonuts,7599708
2026-07-04T23:10:47.706146,2026-07-04T23:10:47.717113+00:00,135.7,50,ask,EarnestEspressos,FlawlessFlatbreads,7599715
2026-07-04T23:10:48.259508,2026-07-04T23:10:48.268695+00:00,135.8,11,ask,DiligentDonuts,Xuanyu Liu,7599719
2026-07-04T23:10:48.494628,2026-07-04T23:10:48.502573+00:00,135.8,12,ask,DiligentDonuts,Xuanyu Liu,7599721
2026-07-04T23:10:49.811771,2026-07-04T23:10:49.823106+00:00,135.8,50,ask,DiligentDonuts,FlawlessFlatbreads,7599755
2026-07-04T23:10:50.139198,2026-07-04T23:10:50.151483+00:00,135.8,27,ask,DiligentDonuts,CostlyCorianders,7599759
2026-07-04T23:10:50.139198,2026-07-04T23:10:50.151483+00:00,135.7,19,ask,EarnestEspressos,CostlyCorianders,7599760
2026-07-04T23:10:51.866900,2026-07-04T23:10:51.877301+00:00,135.7,50,bid,FlawlessFlatbreads,EarnestEspressos,7599788
2026-07-04T23:10:51.914941,2026-07-04T23:10:51.926425+00:00,135.7,41,bid,CostlyCorianders,EarnestEspressos,7599789
2026-07-04T23:10:53.972087,2026-07-04T23:10:53.977363+00:00,135.9,50,bid,FlawlessFlatbreads,DiligentDonuts,7599828
2026-07-04T23:10:55.508848,2026-07-04T23:10:55.520549+00:00,135.8,48,ask,DiligentDonuts,CostlyCorianders,7599850
2026-07-04T23:10:56.080218,2026-07-04T23:10:56.092072+00:00,135.9,50,bid,FlawlessFlatbreads,EarnestEspressos,7599861
2026-07-04T23:10:57.328981,2026-07-04T23:10:57.340689+00:00,135.9,100,ask,EarnestEspressos,DiligentDonuts,7599875
2026-07-04T23:10:58.188078,2026-07-04T23:10:58.199763+00:00,136.4,50,bid,FlawlessFlatbreads,EarnestEspressos,7599888
2026-07-04T23:11:00.293951,2026-07-04T23:11:00.305479+00:00,136.3,50,bid,FlawlessFlatbreads,EarnestEspressos,7599917
2026-07-04T23:11:01.654771,2026-07-04T23:11:01.658591+00:00,136.3,40,bid,CostlyCorianders,EarnestEspressos,7599933
2026-07-04T23:11:02.400758,2026-07-04T23:11:02.408687+00:00,136.3,50,bid,FlawlessFlatbreads,EarnestEspressos,7599944
2026-07-04T23:11:03.348417,2026-07-04T23:11:03.358596+00:00,136.3,100,bid,EarnestEspressos,DiligentDonuts,7599951
2026-07-04T23:11:03.414910,2026-07-04T23:11:03.424185+00:00,136.4,37,ask,EarnestEspressos,Xuanyu Liu,7599952
2026-07-04T23:11:04.509120,2026-07-04T23:11:04.518596+00:00,136.6,50,bid,FlawlessFlatbreads,DiligentDonuts,7599970
2026-07-04T23:11:06.462523,2026-07-04T23:11:06.469135+00:00,136.1,40,ask,DiligentDonuts,CostlyCorianders,7599991
2026-07-04T23:11:06.668703,2026-07-04T23:11:06.680761+00:00,136.1,50,ask,DiligentDonuts,FlawlessFlatbreads,7599996
2026-07-04T23:11:07.911064,2026-07-04T23:11:07.918744+00:00,136.3,3,bid,Xuanyu Liu,EarnestEspressos,7600017
2026-07-04T23:11:08.728722,2026-07-04T23:11:08.736959+00:00,136.3,50,bid,FlawlessFlatbreads,EarnestEspressos,7600040
2026-07-04T23:11:10.089945,2026-07-04T23:11:10.099244+00:00,136.6,40,bid,CostlyCorianders,DiligentDonuts,7600062
2026-07-04T23:11:10.841624,2026-07-04T23:11:10.848401+00:00,136.6,50,bid,FlawlessFlatbreads,DiligentDonuts,7600078
2026-07-04T23:11:11.160640,2026-07-04T23:11:11.172259+00:00,136.2,46,ask,EarnestEspressos,CostlyCorianders,7600084
2026-07-04T23:11:12.948783,2026-07-04T23:11:12.960291+00:00,136.6,10,bid,FlawlessFlatbreads,DiligentDonuts,7600105
2026-07-04T23:11:12.948783,2026-07-04T23:11:12.960291+00:00,136.6,40,bid,FlawlessFlatbreads,EarnestEspressos,7600106
2026-07-04T23:11:15.055164,2026-07-04T23:11:15.052368+00:00,136.6,50,bid,FlawlessFlatbreads,EarnestEspressos,7600134
2026-07-04T23:11:15.398410,2026-07-04T23:11:15.410002+00:00,136.6,44,bid,CostlyCorianders,EarnestEspressos,7600142
2026-07-04T23:11:15.789240,2026-07-04T23:11:15.797177+00:00,136.6,11,bid,Xuanyu Liu,EarnestEspressos,7600151
2026-07-04T23:11:15.961442,2026-07-04T23:11:15.972872+00:00,137.0,41,bid,CostlyCorianders,DiligentDonuts,7600153
2026-07-04T23:11:16.001940,2026-07-04T23:11:16.013448+00:00,137.0,59,bid,EarnestEspressos,DiligentDonuts,7600154
2026-07-04T23:11:16.069177,2026-07-04T23:11:16.078265+00:00,137.0,14,ask,EarnestEspressos,Xuanyu Liu,7600156
2026-07-04T23:11:17.103505,2026-07-04T23:11:17.112020+00:00,137.1,3,ask,DiligentDonuts,Xuanyu Liu,7600164
2026-07-04T23:11:17.161495,2026-07-04T23:11:17.171567+00:00,137.5,50,bid,FlawlessFlatbreads,EarnestEspressos,7600167
2026-07-04T23:11:17.570648,2026-07-04T23:11:17.582182+00:00,137.1,40,ask,DiligentDonuts,CostlyCorianders,7600174
2026-07-04T23:11:21.433255,2026-07-04T23:11:21.444838+00:00,136.9,50,ask,DiligentDonuts,FlawlessFlatbreads,7600219
2026-07-04T23:11:23.571416,2026-07-04T23:11:23.581471+00:00,136.9,50,ask,DiligentDonuts,FlawlessFlatbreads,7600247
2026-07-04T23:11:25.199794,2026-07-04T23:11:25.211492+00:00,136.9,44,ask,DiligentDonuts,CostlyCorianders,7600274
2026-07-04T23:11:25.628881,2026-07-04T23:11:25.637724+00:00,137.3,50,bid,FlawlessFlatbreads,EarnestEspressos,7600279
2026-07-04T23:11:25.992342,2026-07-04T23:11:26.000776+00:00,137.0,3,bid,Xuanyu Liu,DiligentDonuts,7600284
2026-07-04T23:11:27.338368,2026-07-04T23:11:27.346856+00:00,137.0,46,bid,CostlyCorianders,DiligentDonuts,7600299
2026-07-04T23:11:27.752209,2026-07-04T23:11:27.756125+00:00,137.0,50,bid,FlawlessFlatbreads,DiligentDonuts,7600303
2026-07-04T23:11:28.649653,2026-07-04T23:11:28.658540+00:00,137.0,1,bid,EarnestEspressos,DiligentDonuts,7600316
2026-07-04T23:11:29.859506,2026-07-04T23:11:29.871287+00:00,137.3,50,bid,FlawlessFlatbreads,DiligentDonuts,7600332
2026-07-04T23:11:31.088408,2026-07-04T23:11:31.095718+00:00,137.0,49,ask,EarnestEspressos,CostlyCorianders,7600348
2026-07-04T23:11:31.966376,2026-07-04T23:11:31.978267+00:00,137.3,50,bid,FlawlessFlatbreads,DiligentDonuts,7600361
2026-07-04T23:11:34.073640,2026-07-04T23:11:34.094853+00:00,137.3,50,bid,FlawlessFlatbreads,EarnestEspressos,7600387
2026-07-04T23:11:34.180064,2026-07-04T23:11:34.191678+00:00,137.3,41,bid,CostlyCorianders,EarnestEspressos,7600390
2026-07-04T23:11:34.984630,2026-07-04T23:11:35.018329+00:00,137.2,3,ask,EarnestEspressos,Xuanyu Liu,7600399
2026-07-04T23:11:36.181819,2026-07-04T23:11:36.193556+00:00,137.6,50,bid,FlawlessFlatbreads,DiligentDonuts,7600408
2026-07-04T23:11:38.290128,2026-07-04T23:11:38.297547+00:00,137.6,50,bid,FlawlessFlatbreads,DiligentDonuts,7600433
2026-07-04T23:11:38.418224,2026-07-04T23:11:38.426819+00:00,137.6,23,ask,DiligentDonuts,Xuanyu Liu,7600438
2026-07-04T23:11:38.658148,2026-07-04T23:11:38.666580+00:00,137.6,11,ask,DiligentDonuts,Xuanyu Liu,7600444
2026-07-04T23:11:39.394574,2026-07-04T23:11:39.403406+00:00,137.6,12,ask,DiligentDonuts,Xuanyu Liu,7600458
2026-07-04T23:11:40.460387,2026-07-04T23:11:40.469092+00:00,137.6,50,ask,DiligentDonuts,FlawlessFlatbreads,7600473
2026-07-04T23:11:40.527658,2026-07-04T23:11:40.535646+00:00,137.6,4,ask,DiligentDonuts,CostlyCorianders,7600477
2026-07-04T23:11:40.527658,2026-07-04T23:11:40.535646+00:00,137.3,38,ask,EarnestEspressos,CostlyCorianders,7600478
2026-07-04T23:11:42.033844,2026-07-04T23:11:42.040234+00:00,137.5,49,bid,CostlyCorianders,EarnestEspressos,7600487
2026-07-04T23:11:42.567556,2026-07-04T23:11:42.580712+00:00,137.1,50,ask,DiligentDonuts,FlawlessFlatbreads,7600499
2026-07-04T23:11:43.740439,2026-07-04T23:11:43.749652+00:00,137.1,47,ask,DiligentDonuts,CostlyCorianders,7600516
2026-07-04T23:11:44.703276,2026-07-04T23:11:44.716749+00:00,137.1,50,ask,EarnestEspressos,FlawlessFlatbreads,7600522
2026-07-04T23:11:44.833020,2026-07-04T23:11:44.841154+00:00,137.4,12,bid,Xuanyu Liu,DiligentDonuts,7600528
2026-07-04T23:11:44.856209,2026-07-04T23:11:44.866947+00:00,137.4,47,bid,CostlyCorianders,DiligentDonuts,7600530
2026-07-04T23:11:46.810264,2026-07-04T23:11:46.816710+00:00,137.1,50,ask,EarnestEspressos,FlawlessFlatbreads,7600553
2026-07-04T23:11:47.192078,2026-07-04T23:11:47.203455+00:00,137.1,44,ask,EarnestEspressos,CostlyCorianders,7600559
2026-07-04T23:11:47.684107,2026-07-04T23:11:47.724737+00:00,137.1,23,bid,Xuanyu Liu,EarnestEspressos,7600564
2026-07-04T23:11:48.865269,2026-07-04T23:11:48.876691+00:00,137.1,50,bid,FlawlessFlatbreads,EarnestEspressos,7600584
2026-07-04T23:11:50.392995,2026-07-04T23:11:50.402821+00:00,137.0,47,ask,DiligentDonuts,CostlyCorianders,7600616
2026-07-04T23:11:50.949144,2026-07-04T23:11:50.958560+00:00,137.3,46,bid,CostlyCorianders,EarnestEspressos,7600623
2026-07-04T23:11:50.980127,2026-07-04T23:11:50.987227+00:00,137.3,50,bid,FlawlessFlatbreads,EarnestEspressos,7600624
2026-07-04T23:11:53.977750,2026-07-04T23:11:53.989241+00:00,137.2,100,bid,EarnestEspressos,DiligentDonuts,7600659
2026-07-04T23:11:54.041022,2026-07-04T23:11:54.048845+00:00,137.3,12,ask,EarnestEspressos,Xuanyu Liu,7600662
2026-07-04T23:11:55.267699,2026-07-04T23:11:55.279216+00:00,137.3,38,ask,EarnestEspressos,FlawlessFlatbreads,7600683
2026-07-04T23:11:55.267699,2026-07-04T23:11:55.279216+00:00,137.1,12,ask,DiligentDonuts,FlawlessFlatbreads,7600684
2026-07-04T23:11:56.484550,2026-07-04T23:11:56.496185+00:00,137.1,25,ask,DiligentDonuts,Yinxuan Li,7600701
2026-07-04T23:11:57.190037,2026-07-04T23:11:57.196539+00:00,137.1,63,ask,DiligentDonuts,EarnestEspressos,7600707
2026-07-04T23:11:57.325154,2026-07-04T23:11:57.336664+00:00,137.1,50,bid,FlawlessFlatbreads,EarnestEspressos,7600709
2026-07-04T23:11:59.460339,2026-07-04T23:11:59.471881+00:00,137.1,37,bid,FlawlessFlatbreads,EarnestEspressos,7600736
2026-07-04T23:11:59.460339,2026-07-04T23:11:59.471881+00:00,137.2,13,bid,FlawlessFlatbreads,DiligentDonuts,7600737
2026-07-04T23:12:00.297481,2026-07-04T23:12:00.309281+00:00,137.2,87,bid,EarnestEspressos,DiligentDonuts,7600755
2026-07-04T23:12:00.359473,2026-07-04T23:12:00.367394+00:00,137.2,23,ask,EarnestEspressos,Xuanyu Liu,7600760
2026-07-04T23:12:00.421194,2026-07-04T23:12:00.429892+00:00,137.2,40,ask,EarnestEspressos,CostlyCorianders,7600763
2026-07-04T23:12:00.421194,2026-07-04T23:12:00.429892+00:00,136.7,3,ask,DiligentDonuts,CostlyCorianders,7600764
2026-07-04T23:12:01.568893,2026-07-04T23:12:01.580552+00:00,137.7,50,bid,FlawlessFlatbreads,EarnestEspressos,7600779
2026-07-04T23:12:03.541946,2026-07-04T23:12:03.550099+00:00,137.4,12,bid,Xuanyu Liu,EarnestEspressos,7600822
2026-07-04T23:12:03.680182,2026-07-04T23:12:03.688767+00:00,137.4,50,bid,FlawlessFlatbreads,EarnestEspressos,7600825
2026-07-04T23:12:04.070999,2026-07-04T23:12:04.081329+00:00,137.4,11,bid,Xuanyu Liu,EarnestEspressos,7600831
2026-07-04T23:12:04.451038,2026-07-04T23:12:04.458599+00:00,137.4,49,bid,CostlyCorianders,EarnestEspressos,7600847
2026-07-04T23:12:04.971053,2026-07-04T23:12:04.982493+00:00,137.3,45,ask,DiligentDonuts,CostlyCorianders,7600854
2026-07-04T23:12:05.837663,2026-07-04T23:12:05.849571+00:00,137.3,50,ask,DiligentDonuts,FlawlessFlatbreads,7600867
2026-07-04T23:12:06.503389,2026-07-04T23:12:06.512869+00:00,137.3,5,ask,DiligentDonuts,Yinxuan Li,7600885
2026-07-04T23:12:06.944512,2026-07-04T23:12:06.963627+00:00,137.5,100,ask,EarnestEspressos,DiligentDonuts,7600896
2026-07-04T23:12:07.945361,2026-07-04T23:12:07.957243+00:00,137.5,50,ask,EarnestEspressos,FlawlessFlatbreads,7600909
2026-07-04T23:12:08.149145,2026-07-04T23:12:08.155480+00:00,138.0,48,bid,CostlyCorianders,EarnestEspressos,7600911
2026-07-04T23:12:09.692189,2026-07-04T23:12:09.703870+00:00,136.9,48,ask,DiligentDonuts,CostlyCorianders,7600930
2026-07-04T23:12:10.002698,2026-07-04T23:12:10.011933+00:00,137.5,50,bid,FlawlessFlatbreads,EarnestEspressos,7600934
2026-07-04T23:12:10.780396,2026-07-04T23:12:10.791908+00:00,137.5,41,bid,CostlyCorianders,EarnestEspressos,7600945
2026-07-04T23:12:11.337956,2026-07-04T23:12:11.348069+00:00,137.0,43,ask,EarnestEspressos,CostlyCorianders,7600956
2026-07-04T23:12:12.110536,2026-07-04T23:12:12.122007+00:00,137.5,50,bid,FlawlessFlatbreads,EarnestEspressos,7600965
2026-07-04T23:12:14.266845,2026-07-04T23:12:14.276415+00:00,137.3,50,ask,EarnestEspressos,FlawlessFlatbreads,7600987
2026-07-04T23:12:16.373619,2026-07-04T23:12:16.385234+00:00,137.3,50,ask,EarnestEspressos,FlawlessFlatbreads,7601012
2026-07-04T23:12:16.527914,2026-07-04T23:12:16.536191+00:00,137.3,25,ask,EarnestEspressos,Yinxuan Li,7601014
2026-07-04T23:12:18.332346,2026-07-04T23:12:18.344182+00:00,137.3,46,ask,EarnestEspressos,CostlyCorianders,7601036
2026-07-04T23:12:18.479654,2026-07-04T23:12:18.487745+00:00,137.3,29,ask,EarnestEspressos,FlawlessFlatbreads,7601037
2026-07-04T23:12:19.353252,2026-07-04T23:12:19.362177+00:00,137.2,12,bid,Xuanyu Liu,EarnestEspressos,7601054
2026-07-04T23:12:19.560385,2026-07-04T23:12:19.571977+00:00,137.2,48,bid,CostlyCorianders,EarnestEspressos,7601059
2026-07-04T23:12:20.587538,2026-07-04T23:12:20.599289+00:00,137.1,50,ask,DiligentDonuts,FlawlessFlatbreads,7601075
2026-07-04T23:12:21.542794,2026-07-04T23:12:21.554927+00:00,137.1,25,ask,DiligentDonuts,Yinxuan Li,7601092
2026-07-04T23:12:22.187743,2026-07-04T23:12:22.199119+00:00,137.2,43,bid,CostlyCorianders,EarnestEspressos,7601107
2026-07-04T23:12:22.699103,2026-07-04T23:12:22.707086+00:00,137.3,50,ask,EarnestEspressos,FlawlessFlatbreads,7601114
2026-07-04T23:12:22.811553,2026-07-04T23:12:22.818559+00:00,137.3,100,ask,EarnestEspressos,DiligentDonuts,7601118
2026-07-04T23:12:24.753604,2026-07-04T23:12:24.765405+00:00,137.8,50,bid,FlawlessFlatbreads,EarnestEspressos,7601149
2026-07-04T23:12:26.157715,2026-07-04T23:12:26.169145+00:00,137.2,40,bid,CostlyCorianders,EarnestEspressos,7601172
2026-07-04T23:12:26.911320,2026-07-04T23:12:26.918241+00:00,137.1,50,ask,DiligentDonuts,FlawlessFlatbreads,7601180
2026-07-04T23:12:27.212453,2026-07-04T23:12:27.221593+00:00,137.1,42,ask,DiligentDonuts,CostlyCorianders,7601185
2026-07-04T23:12:27.889331,2026-07-04T23:12:27.896493+00:00,137.2,11,bid,Xuanyu Liu,EarnestEspressos,7601200
2026-07-04T23:12:28.856704,2026-07-04T23:12:28.846884+00:00,137.1,8,ask,DiligentDonuts,CostlyCorianders,7601213
2026-07-04T23:12:28.856704,2026-07-04T23:12:28.869982+00:00,137.0,39,ask,EarnestEspressos,CostlyCorianders,7601214
2026-07-04T23:12:28.966549,2026-07-04T23:12:28.974679+00:00,137.5,50,bid,FlawlessFlatbreads,EarnestEspressos,7601219
2026-07-04T23:12:31.077936,2026-07-04T23:12:31.085495+00:00,137.4,50,bid,FlawlessFlatbreads,DiligentDonuts,7601256
2026-07-04T23:12:32.542063,2026-07-04T23:12:32.553064+00:00,137.5,47,bid,CostlyCorianders,EarnestEspressos,7601278
2026-07-04T23:12:33.183071,2026-07-04T23:12:33.194686+00:00,137.5,50,bid,FlawlessFlatbreads,EarnestEspressos,7601288
2026-07-04T23:12:33.608337,2026-07-04T23:12:33.620046+00:00,137.1,49,ask,DiligentDonuts,CostlyCorianders,7601293
2026-07-04T23:12:34.092952,2026-07-04T23:12:34.104697+00:00,137.5,49,bid,CostlyCorianders,EarnestEspressos,7601299
2026-07-04T23:12:35.042719,2026-07-04T23:12:35.054605+00:00,137.5,4,bid,CostlyCorianders,EarnestEspressos,7601313
2026-07-04T23:12:35.042719,2026-07-04T23:12:35.054605+00:00,137.5,44,bid,CostlyCorianders,DiligentDonuts,7601314
2026-07-04T23:12:35.120330,2026-07-04T23:12:35.132164+00:00,137.5,56,bid,EarnestEspressos,DiligentDonuts,7601315
2026-07-04T23:12:35.187402,2026-07-04T23:12:35.196523+00:00,137.7,34,ask,EarnestEspressos,Xuanyu Liu,7601316
2026-07-04T23:12:35.297337,2026-07-04T23:12:35.305333+00:00,138.1,50,bid,FlawlessFlatbreads,EarnestEspressos,7601322
2026-07-04T23:12:36.563168,2026-07-04T23:12:36.574724+00:00,137.7,25,ask,EarnestEspressos,Yinxuan Li,7601341
2026-07-04T23:12:37.454632,2026-07-04T23:12:37.463994+00:00,137.7,35,ask,EarnestEspressos,FlawlessFlatbreads,7601358
2026-07-04T23:12:37.454632,2026-07-04T23:12:37.463994+00:00,137.3,15,ask,DiligentDonuts,FlawlessFlatbreads,7601359
2026-07-04T23:12:41.969216,2026-07-04T23:12:41.980255+00:00,137.4,48,ask,EarnestEspressos,CostlyCorianders,7601414
2026-07-04T23:12:42.982449,2026-07-04T23:12:42.994030+00:00,137.9,40,bid,CostlyCorianders,EarnestEspressos,7601422
2026-07-04T23:12:43.772382,2026-07-04T23:12:43.792088+00:00,137.4,50,ask,EarnestEspressos,FlawlessFlatbreads,7601431
