timestamp,recv_time,price,volume,aggressor_side,buyer,seller,trade_id
2026-07-07T19:00:00.213465,2026-07-07T19:00:00.199640+00:00,137.0,8,ask,,,11209261
2026-07-07T19:00:00.213465,2026-07-07T19:00:00.199640+00:00,136.5,42,ask,,,11209262
2026-07-07T19:00:01.854949,2026-07-07T19:00:01.866480+00:00,137.5,42,bid,,,11209294
2026-07-07T19:00:02.357986,2026-07-07T19:00:02.365684+00:00,136.8,12,ask,,,11209299
2026-07-07T19:00:02.357986,2026-07-07T19:00:02.370908+00:00,136.5,38,ask,,,11209300
2026-07-07T19:00:04.469161,2026-07-07T19:00:04.476009+00:00,136.9,12,ask,,,11209336
2026-07-07T19:00:06.592975,2026-07-07T19:00:06.604888+00:00,136.8,50,ask,,,11209363
2026-07-07T19:00:06.856346,2026-07-07T19:00:06.868127+00:00,137.3,42,bid,,,11209368
2026-07-07T19:00:07.323222,2026-07-07T19:00:07.330368+00:00,136.8,48,ask,,,11209378
2026-07-07T19:00:08.707511,2026-07-07T19:00:08.718341+00:00,136.8,50,ask,,,11209398
2026-07-07T19:00:08.876132,2026-07-07T19:00:08.885808+00:00,136.9,11,bid,,,11209399
2026-07-07T19:00:09.892374,2026-07-07T19:00:09.904390+00:00,136.9,48,bid,,,11209417
2026-07-07T19:00:10.496653,2026-07-07T19:00:10.504217+00:00,136.8,12,ask,,,11209429
2026-07-07T19:00:10.496653,2026-07-07T19:00:10.509462+00:00,136.8,30,ask,,,11209430
2026-07-07T19:00:12.806129,2026-07-07T19:00:12.817915+00:00,137.0,49,bid,,,11209473
2026-07-07T19:00:12.921244,2026-07-07T19:00:12.933118+00:00,136.6,12,ask,,,11209476
2026-07-07T19:00:12.921244,2026-07-07T19:00:12.933118+00:00,136.5,38,ask,,,11209477
2026-07-07T19:00:14.992621,2026-07-07T19:00:15.003986+00:00,137.0,50,bid,,,11209501
2026-07-07T19:00:18.214101,2026-07-07T19:00:18.220990+00:00,136.8,45,ask,,,11209543
2026-07-07T19:00:19.217625,2026-07-07T19:00:19.229286+00:00,136.9,50,bid,,,11209559
2026-07-07T19:00:21.324730,2026-07-07T19:00:21.336240+00:00,136.9,50,bid,,,11209594
2026-07-07T19:00:21.467731,2026-07-07T19:00:21.479245+00:00,136.9,100,bid,,,11209598
2026-07-07T19:00:21.467731,2026-07-07T19:00:21.479245+00:00,137.0,12,bid,,,11209599
2026-07-07T19:00:21.535578,2026-07-07T19:00:21.544964+00:00,137.0,11,ask,,,11209600
2026-07-07T19:00:22.702386,2026-07-07T19:00:22.714254+00:00,137.4,12,bid,,,11209621
2026-07-07T19:00:22.702386,2026-07-07T19:00:22.714254+00:00,137.4,29,bid,,,11209622
2026-07-07T19:00:23.482805,2026-07-07T19:00:23.494432+00:00,137.0,27,ask,,,11209644
2026-07-07T19:00:23.482805,2026-07-07T19:00:23.494432+00:00,136.9,23,ask,,,11209645
2026-07-07T19:00:24.683761,2026-07-07T19:00:24.695256+00:00,136.9,77,ask,,,11209661
2026-07-07T19:00:25.098101,2026-07-07T19:00:25.108626+00:00,136.9,11,bid,,,11209671
2026-07-07T19:00:25.120145,2026-07-07T19:00:25.129320+00:00,136.9,12,bid,,,11209673
2026-07-07T19:00:25.591557,2026-07-07T19:00:25.603414+00:00,136.7,50,ask,,,11209683
2026-07-07T19:00:25.763855,2026-07-07T19:00:25.775733+00:00,136.9,44,bid,,,11209687
2026-07-07T19:00:26.875664,2026-07-07T19:00:26.887445+00:00,136.9,6,bid,,,11209710
2026-07-07T19:00:27.784771,2026-07-07T19:00:27.796600+00:00,136.7,44,ask,,,11209726
2026-07-07T19:00:27.797982,2026-07-07T19:00:27.807098+00:00,137.2,100,bid,,,11209727
2026-07-07T19:00:27.818354,2026-07-07T19:00:27.828299+00:00,137.2,11,ask,,,11209728
2026-07-07T19:00:28.378425,2026-07-07T19:00:28.389875+00:00,137.4,12,bid,,,11209738
2026-07-07T19:00:28.378425,2026-07-07T19:00:28.389875+00:00,137.4,32,bid,,,11209739
2026-07-07T19:00:29.544257,2026-07-07T19:00:29.556283+00:00,137.2,39,ask,,,11209762
2026-07-07T19:00:29.544257,2026-07-07T19:00:29.556283+00:00,137.2,6,ask,,,11209763
2026-07-07T19:00:29.805515,2026-07-07T19:00:29.817166+00:00,137.2,6,ask,,,11209768
2026-07-07T19:00:30.642476,2026-07-07T19:00:30.654345+00:00,137.4,43,bid,,,11209785
2026-07-07T19:00:31.022566,2026-07-07T19:00:31.034394+00:00,137.1,12,ask,,,11209794
2026-07-07T19:00:31.162590,2026-07-07T19:00:31.174407+00:00,137.1,100,bid,,,11209797
2026-07-07T19:00:31.177779,2026-07-07T19:00:31.185040+00:00,137.1,38,bid,,,11209798
2026-07-07T19:00:31.862759,2026-07-07T19:00:31.874607+00:00,137.4,12,bid,,,11209810
2026-07-07T19:00:33.973153,2026-07-07T19:00:33.984943+00:00,137.5,12,bid,,,11209845
2026-07-07T19:00:33.973153,2026-07-07T19:00:33.984943+00:00,137.7,38,bid,,,11209846
2026-07-07T19:00:36.082609,2026-07-07T19:00:36.094237+00:00,137.2,50,bid,,,11209874
2026-07-07T19:00:37.298570,2026-07-07T19:00:37.310052+00:00,137.2,50,bid,,,11209893
2026-07-07T19:00:38.191699,2026-07-07T19:00:38.201455+00:00,137.5,12,bid,,,11209911
2026-07-07T19:00:38.191699,2026-07-07T19:00:38.201455+00:00,137.7,38,bid,,,11209912
2026-07-07T19:00:39.892378,2026-07-07T19:00:39.903803+00:00,137.2,40,ask,,,11209941
2026-07-07T19:00:40.299974,2026-07-07T19:00:40.311699+00:00,137.7,50,bid,,,11209947
2026-07-07T19:00:42.408044,2026-07-07T19:00:42.419878+00:00,137.7,50,bid,,,11209978
2026-07-07T19:00:43.636756,2026-07-07T19:00:43.647454+00:00,137.4,11,ask,,,11209993
2026-07-07T19:00:44.519485,2026-07-07T19:00:44.568725+00:00,137.7,12,bid,,,11210013
2026-07-07T19:00:44.519485,2026-07-07T19:00:44.568725+00:00,137.8,38,bid,,,11210014
2026-07-07T19:00:44.793219,2026-07-07T19:00:44.802801+00:00,137.4,12,ask,,,11210021
2026-07-07T19:00:45.279654,2026-07-07T19:00:45.287677+00:00,137.4,44,ask,,,11210025
2026-07-07T19:00:46.628899,2026-07-07T19:00:46.640336+00:00,137.7,12,bid,,,11210035
2026-07-07T19:00:46.628899,2026-07-07T19:00:46.640336+00:00,137.8,38,bid,,,11210036
2026-07-07T19:00:46.915107,2026-07-07T19:00:46.926684+00:00,137.6,46,bid,,,11210042
2026-07-07T19:00:46.982567,2026-07-07T19:00:46.992955+00:00,137.5,11,ask,,,11210044
2026-07-07T19:00:48.488750,2026-07-07T19:00:48.496320+00:00,137.5,43,ask,,,11210066
2026-07-07T19:00:48.737772,2026-07-07T19:00:48.746662+00:00,137.6,50,bid,,,11210071
2026-07-07T19:00:49.000508,2026-07-07T19:00:49.012436+00:00,137.5,46,ask,,,11210078
2026-07-07T19:00:49.000508,2026-07-07T19:00:49.012436+00:00,137.2,3,ask,,,11210079
2026-07-07T19:00:49.947485,2026-07-07T19:00:49.958617+00:00,137.6,12,bid,,,11210094
2026-07-07T19:00:50.448183,2026-07-07T19:00:50.454706+00:00,137.6,40,ask,,,11210103
2026-07-07T19:00:50.848044,2026-07-07T19:00:50.855325+00:00,137.8,50,bid,,,11210109
2026-07-07T19:00:52.953030,2026-07-07T19:00:52.964912+00:00,137.8,50,bid,,,11210140
2026-07-07T19:00:53.076089,2026-07-07T19:00:53.087960+00:00,137.9,12,bid,,,11210142
2026-07-07T19:00:54.165188,2026-07-07T19:00:54.177276+00:00,138.0,40,bid,,,11210159
2026-07-07T19:00:55.061274,2026-07-07T19:00:55.073129+00:00,138.0,50,bid,,,11210170
2026-07-07T19:00:56.249694,2026-07-07T19:00:56.259953+00:00,137.7,42,ask,,,11210188
2026-07-07T19:00:56.282897,2026-07-07T19:00:56.292915+00:00,137.9,12,ask,,,11210190
2026-07-07T19:00:57.221610,2026-07-07T19:00:57.233697+00:00,137.9,50,ask,,,11210208
2026-07-07T19:00:59.278811,2026-07-07T19:00:59.290592+00:00,138.0,12,bid,,,11210229
2026-07-07T19:00:59.278811,2026-07-07T19:00:59.290592+00:00,138.1,38,bid,,,11210230
2026-07-07T19:01:03.571888,2026-07-07T19:01:03.583456+00:00,137.7,50,ask,,,11210292
2026-07-07T19:01:03.833323,2026-07-07T19:01:03.842343+00:00,138.0,12,bid,,,11210296
2026-07-07T19:01:03.833323,2026-07-07T19:01:03.847399+00:00,138.1,30,bid,,,11210297
2026-07-07T19:01:04.470993,2026-07-07T19:01:04.482761+00:00,137.7,40,ask,,,11210311
2026-07-07T19:01:05.678787,2026-07-07T19:01:05.691021+00:00,137.7,10,ask,,,11210322
2026-07-07T19:01:05.678787,2026-07-07T19:01:05.691021+00:00,137.6,12,ask,,,11210323
2026-07-07T19:01:05.678787,2026-07-07T19:01:05.691021+00:00,137.6,28,ask,,,11210324
2026-07-07T19:01:07.820106,2026-07-07T19:01:07.828432+00:00,137.5,50,ask,,,11210378
2026-07-07T19:01:09.067053,2026-07-07T19:01:09.078920+00:00,137.7,12,bid,,,11210382
2026-07-07T19:01:09.067053,2026-07-07T19:01:09.078920+00:00,137.7,35,bid,,,11210383
2026-07-07T19:01:09.927673,2026-07-07T19:01:09.939516+00:00,137.4,12,ask,,,11210400
2026-07-07T19:01:09.927673,2026-07-07T19:01:09.939516+00:00,137.2,38,ask,,,11210401
2026-07-07T19:01:12.038098,2026-07-07T19:01:12.058632+00:00,137.3,12,ask,,,11210429
2026-07-07T19:01:12.038098,2026-07-07T19:01:12.058632+00:00,137.2,38,ask,,,11210430
2026-07-07T19:01:14.147065,2026-07-07T19:01:14.158582+00:00,137.3,50,ask,,,11210451
2026-07-07T19:01:15.177058,2026-07-07T19:01:15.188737+00:00,137.3,49,ask,,,11210469
2026-07-07T19:01:15.319988,2026-07-07T19:01:15.328570+00:00,137.3,12,ask,,,11210470
2026-07-07T19:01:15.334957,2026-07-07T19:01:15.345750+00:00,137.2,12,bid,,,11210471
2026-07-07T19:01:15.649233,2026-07-07T19:01:15.658548+00:00,137.2,48,bid,,,11210477
2026-07-07T19:01:16.234340,2026-07-07T19:01:16.243071+00:00,137.2,50,bid,,,11210479
2026-07-07T19:01:17.683572,2026-07-07T19:01:17.692601+00:00,137.4,11,bid,,,11210513
2026-07-07T19:01:17.925655,2026-07-07T19:01:17.937592+00:00,137.4,46,bid,,,11210516
2026-07-07T19:01:18.350412,2026-07-07T19:01:18.357180+00:00,137.4,24,bid,,,11210520
2026-07-07T19:01:18.350412,2026-07-07T19:01:18.357180+00:00,137.7,12,bid,,,11210521
2026-07-07T19:01:20.474607,2026-07-07T19:01:20.485042+00:00,137.9,12,bid,,,11210548
2026-07-07T19:01:20.474607,2026-07-07T19:01:20.485042+00:00,138.0,38,bid,,,11210549
2026-07-07T19:01:21.700977,2026-07-07T19:01:21.712015+00:00,137.7,11,ask,,,11210562
2026-07-07T19:01:22.633718,2026-07-07T19:01:22.645282+00:00,137.7,50,ask,,,11210571
2026-07-07T19:01:23.659116,2026-07-07T19:01:23.670447+00:00,137.7,40,ask,,,11210590
2026-07-07T19:01:24.705525,2026-07-07T19:01:24.726611+00:00,137.7,12,ask,,,11210607
2026-07-07T19:01:24.759788,2026-07-07T19:01:24.768469+00:00,137.5,12,ask,,,11210610
2026-07-07T19:01:24.759788,2026-07-07T19:01:24.773495+00:00,137.5,38,ask,,,11210611
2026-07-07T19:01:25.121802,2026-07-07T19:01:25.128923+00:00,137.3,41,ask,,,11210616
2026-07-07T19:01:26.869127,2026-07-07T19:01:26.879682+00:00,137.3,50,ask,,,11210651
2026-07-07T19:01:27.428718,2026-07-07T19:01:27.440302+00:00,137.3,9,ask,,,11210662
2026-07-07T19:01:27.428718,2026-07-07T19:01:27.440302+00:00,137.2,38,ask,,,11210663
2026-07-07T19:01:29.007842,2026-07-07T19:01:29.019637+00:00,137.2,12,ask,,,11210684
2026-07-07T19:01:29.007842,2026-07-07T19:01:29.019637+00:00,136.9,38,ask,,,11210685
2026-07-07T19:01:30.083478,2026-07-07T19:01:30.095352+00:00,137.4,49,bid,,,11210700
2026-07-07T19:01:31.075989,2026-07-07T19:01:31.087524+00:00,137.0,12,ask,,,11210719
2026-07-07T19:01:31.075989,2026-07-07T19:01:31.087524+00:00,136.9,29,ask,,,11210720
2026-07-07T19:01:31.118106,2026-07-07T19:01:31.129483+00:00,136.9,50,ask,,,11210721
2026-07-07T19:01:31.374315,2026-07-07T19:01:31.385377+00:00,136.9,35,bid,,,11210727
2026-07-07T19:01:32.023704,2026-07-07T19:01:32.033653+00:00,136.9,11,bid,,,11210735
2026-07-07T19:01:32.111675,2026-07-07T19:01:32.123319+00:00,136.9,11,bid,,,11210742
2026-07-07T19:01:32.133296,2026-07-07T19:01:32.149373+00:00,136.9,12,bid,,,11210744
2026-07-07T19:01:33.237341,2026-07-07T19:01:33.246747+00:00,136.7,50,ask,,,11210765
2026-07-07T19:01:35.346325,2026-07-07T19:01:35.356634+00:00,136.9,12,ask,,,11210796
2026-07-07T19:01:35.346325,2026-07-07T19:01:35.356634+00:00,136.8,38,ask,,,11210797
2026-07-07T19:01:36.240533,2026-07-07T19:01:36.250144+00:00,137.1,47,bid,,,11210814
2026-07-07T19:01:36.739257,2026-07-07T19:01:36.751114+00:00,136.8,48,ask,,,11210820
2026-07-07T19:01:37.483318,2026-07-07T19:01:37.494802+00:00,136.8,14,ask,,,11210833
2026-07-07T19:01:37.483318,2026-07-07T19:01:37.494802+00:00,136.8,12,ask,,,11210834
2026-07-07T19:01:37.483318,2026-07-07T19:01:37.494802+00:00,136.7,24,ask,,,11210835
2026-07-07T19:01:39.595712,2026-07-07T19:01:39.604978+00:00,136.7,50,ask,,,11210873
2026-07-07T19:01:41.716210,2026-07-07T19:01:41.723237+00:00,136.5,12,ask,,,11210897
2026-07-07T19:01:41.716210,2026-07-07T19:01:41.728493+00:00,136.4,38,ask,,,11210898
2026-07-07T19:01:43.965401,2026-07-07T19:01:43.975697+00:00,136.7,12,bid,,,11210934
2026-07-07T19:01:45.874522,2026-07-07T19:01:45.883649+00:00,136.7,50,bid,,,11210960
2026-07-07T19:01:46.062568,2026-07-07T19:01:46.074005+00:00,136.7,40,bid,,,11210965
2026-07-07T19:01:47.165715,2026-07-07T19:01:47.177614+00:00,136.7,10,ask,,,11210980
2026-07-07T19:01:47.994012,2026-07-07T19:01:48.003254+00:00,136.8,50,bid,,,11210995
2026-07-07T19:01:48.601371,2026-07-07T19:01:48.609956+00:00,136.8,47,bid,,,11211004
2026-07-07T19:01:49.207518,2026-07-07T19:01:49.216187+00:00,136.8,3,bid,,,11211014
2026-07-07T19:01:49.207518,2026-07-07T19:01:49.216187+00:00,137.1,45,bid,,,11211015
2026-07-07T19:01:50.100963,2026-07-07T19:01:50.107664+00:00,137.2,12,bid,,,11211029
2026-07-07T19:01:51.843012,2026-07-07T19:01:51.852092+00:00,136.8,12,ask,,,11211058
2026-07-07T19:01:52.234890,2026-07-07T19:01:52.241927+00:00,137.2,12,bid,,,11211069
2026-07-07T19:01:52.234890,2026-07-07T19:01:52.247479+00:00,137.2,38,bid,,,11211070
2026-07-07T19:01:53.448001,2026-07-07T19:01:53.454594+00:00,136.8,12,ask,,,11211087
2026-07-07T19:01:53.448001,2026-07-07T19:01:53.454594+00:00,136.7,28,ask,,,11211088
2026-07-07T19:01:54.342589,2026-07-07T19:01:54.358591+00:00,137.2,50,bid,,,11211107
2026-07-07T19:01:55.106416,2026-07-07T19:01:55.123907+00:00,136.7,11,ask,,,11211114
2026-07-07T19:01:55.282004,2026-07-07T19:01:55.290714+00:00,136.7,46,ask,,,11211118
2026-07-07T19:01:56.348955,2026-07-07T19:01:56.356187+00:00,137.0,12,bid,,,11211131
2026-07-07T19:01:56.348955,2026-07-07T19:01:56.361337+00:00,137.2,32,bid,,,11211132
2026-07-07T19:01:57.947692,2026-07-07T19:01:57.953499+00:00,136.5,46,ask,,,11211157
2026-07-07T19:01:58.563355,2026-07-07T19:01:58.575113+00:00,136.9,12,bid,,,11211171
2026-07-07T19:02:00.672967,2026-07-07T19:02:00.685098+00:00,136.6,41,ask,,,11211205
2026-07-07T19:02:00.692436,2026-07-07T19:02:00.704313+00:00,136.9,50,bid,,,11211206
2026-07-07T19:02:02.176399,2026-07-07T19:02:02.187913+00:00,136.9,46,bid,,,11211237
2026-07-07T19:02:02.785948,2026-07-07T19:02:02.797644+00:00,137.1,44,bid,,,11211245
2026-07-07T19:02:02.802459,2026-07-07T19:02:02.813931+00:00,137.1,50,bid,,,11211246
2026-07-07T19:02:03.920511,2026-07-07T19:02:03.934086+00:00,136.8,43,ask,,,11211258
2026-07-07T19:02:04.995007,2026-07-07T19:02:05.005395+00:00,136.8,11,ask,,,11211281
2026-07-07T19:02:06.022101,2026-07-07T19:02:06.039814+00:00,136.8,47,ask,,,11211298
2026-07-07T19:02:06.030699,2026-07-07T19:02:06.039814+00:00,136.8,12,ask,,,11211299
2026-07-07T19:02:07.062081,2026-07-07T19:02:07.073949+00:00,136.5,12,ask,,,11211312
2026-07-07T19:02:07.062081,2026-07-07T19:02:07.073949+00:00,136.5,38,ask,,,11211313
2026-07-07T19:02:07.846358,2026-07-07T19:02:07.858538+00:00,136.8,12,bid,,,11211328
2026-07-07T19:02:07.846358,2026-07-07T19:02:07.858538+00:00,136.9,30,bid,,,11211329
2026-07-07T19:02:09.172331,2026-07-07T19:02:09.184034+00:00,136.5,12,ask,,,11211361
2026-07-07T19:02:09.172331,2026-07-07T19:02:09.184034+00:00,136.4,38,ask,,,11211362
2026-07-07T19:02:11.281982,2026-07-07T19:02:11.293819+00:00,136.4,50,ask,,,11211395
2026-07-07T19:02:13.390413,2026-07-07T19:02:13.401362+00:00,136.3,12,ask,,,11211419
2026-07-07T19:02:13.390413,2026-07-07T19:02:13.401362+00:00,136.2,38,ask,,,11211420
2026-07-07T19:02:15.459651,2026-07-07T19:02:15.471459+00:00,136.5,12,bid,,,11211452
2026-07-07T19:02:15.498893,2026-07-07T19:02:15.509123+00:00,136.1,50,ask,,,11211454
2026-07-07T19:02:17.555444,2026-07-07T19:02:17.567398+00:00,136.5,50,bid,,,11211483
2026-07-07T19:02:18.384043,2026-07-07T19:02:18.390980+00:00,136.5,45,bid,,,11211496
2026-07-07T19:02:19.715339,2026-07-07T19:02:19.726928+00:00,136.2,50,ask,,,11211519
2026-07-07T19:02:20.478618,2026-07-07T19:02:20.485109+00:00,136.3,43,bid,,,11211525
2026-07-07T19:02:20.544676,2026-07-07T19:02:20.553975+00:00,136.3,11,bid,,,11211526
2026-07-07T19:02:21.749363,2026-07-07T19:02:21.758906+00:00,136.3,11,bid,,,11211535
2026-07-07T19:02:21.771029,2026-07-07T19:02:21.779610+00:00,136.3,35,bid,,,11211538
2026-07-07T19:02:26.035025,2026-07-07T19:02:26.046679+00:00,136.4,12,ask,,,11211603
2026-07-07T19:02:26.035025,2026-07-07T19:02:26.046679+00:00,136.4,38,ask,,,11211604
2026-07-07T19:02:26.510567,2026-07-07T19:02:26.519656+00:00,136.4,46,ask,,,11211610
2026-07-07T19:02:26.983358,2026-07-07T19:02:26.995390+00:00,136.7,12,bid,,,11211619
2026-07-07T19:02:26.983358,2026-07-07T19:02:26.995390+00:00,136.8,36,bid,,,11211620
2026-07-07T19:02:28.145416,2026-07-07T19:02:28.163590+00:00,136.6,50,ask,,,11211632
2026-07-07T19:02:29.017905,2026-07-07T19:02:29.027132+00:00,136.6,11,ask,,,11211648
2026-07-07T19:02:30.202487,2026-07-07T19:02:30.213974+00:00,136.7,50,bid,,,11211663
2026-07-07T19:02:32.360923,2026-07-07T19:02:32.372557+00:00,136.5,12,ask,,,11211698
2026-07-07T19:02:32.360923,2026-07-07T19:02:32.372557+00:00,136.3,38,ask,,,11211699
2026-07-07T19:02:34.419522,2026-07-07T19:02:34.426394+00:00,136.7,12,bid,,,11211735
2026-07-07T19:02:34.419522,2026-07-07T19:02:34.431646+00:00,136.8,38,bid,,,11211736
2026-07-07T19:02:36.528822,2026-07-07T19:02:36.536847+00:00,136.7,50,bid,,,11211767
2026-07-07T19:02:38.635633,2026-07-07T19:02:38.650947+00:00,136.7,50,bid,,,11211798
2026-07-07T19:02:40.330312,2026-07-07T19:02:40.348417+00:00,136.5,12,ask,,,11211821
2026-07-07T19:02:40.330312,2026-07-07T19:02:40.348417+00:00,136.4,35,ask,,,11211822
2026-07-07T19:02:40.741832,2026-07-07T19:02:40.753348+00:00,136.7,50,bid,,,11211835
2026-07-07T19:02:45.708810,2026-07-07T19:02:45.720513+00:00,136.7,12,bid,,,11211916
2026-07-07T19:02:45.708810,2026-07-07T19:02:45.720513+00:00,136.7,29,bid,,,11211917
2026-07-07T19:02:47.100887,2026-07-07T19:02:47.107904+00:00,136.9,12,bid,,,11211935
2026-07-07T19:02:47.100887,2026-07-07T19:02:47.113394+00:00,137.0,38,bid,,,11211936
2026-07-07T19:02:47.334493,2026-07-07T19:02:47.344470+00:00,136.6,11,ask,,,11211942
2026-07-07T19:02:49.211540,2026-07-07T19:02:49.219075+00:00,136.8,50,bid,,,11211976
2026-07-07T19:02:50.989797,2026-07-07T19:02:51.000757+00:00,136.7,12,ask,,,11212001
2026-07-07T19:02:51.348330,2026-07-07T19:02:51.352773+00:00,136.8,12,bid,,,11212008
2026-07-07T19:02:51.348330,2026-07-07T19:02:51.352773+00:00,137.1,38,bid,,,11212009
2026-07-07T19:02:51.362151,2026-07-07T19:02:51.370683+00:00,136.7,12,ask,,,11212010
2026-07-07T19:02:53.459034,2026-07-07T19:02:53.468653+00:00,137.0,12,bid,,,11212036
2026-07-07T19:02:53.459034,2026-07-07T19:02:53.468653+00:00,137.2,38,bid,,,11212037
2026-07-07T19:02:54.929693,2026-07-07T19:02:54.936075+00:00,136.7,40,ask,,,11212059
2026-07-07T19:02:55.571430,2026-07-07T19:02:55.596857+00:00,137.0,12,bid,,,11212072
2026-07-07T19:02:57.689006,2026-07-07T19:02:57.695767+00:00,137.0,50,bid,,,11212103
2026-07-07T19:02:59.702763,2026-07-07T19:02:59.714416+00:00,136.6,40,ask,,,11212122
2026-07-07T19:03:00.189721,2026-07-07T19:03:00.198241+00:00,136.8,23,ask,,,11212132
2026-07-07T19:03:01.968025,2026-07-07T19:03:01.977848+00:00,136.8,50,ask,,,11212160
2026-07-07T19:03:02.110249,2026-07-07T19:03:02.121684+00:00,136.8,47,ask,,,11212162
2026-07-07T19:03:02.626595,2026-07-07T19:03:02.638600+00:00,136.9,12,bid,,,11212166
2026-07-07T19:03:02.626595,2026-07-07T19:03:02.638600+00:00,137.0,28,bid,,,11212167
2026-07-07T19:03:02.935927,2026-07-07T19:03:02.945026+00:00,136.8,12,bid,,,11212180
2026-07-07T19:03:03.229957,2026-07-07T19:03:03.240793+00:00,136.7,47,ask,,,11212188
2026-07-07T19:03:06.187186,2026-07-07T19:03:06.198471+00:00,136.7,50,ask,,,11212227
2026-07-07T19:03:06.759612,2026-07-07T19:03:06.768185+00:00,136.9,11,bid,,,11212238
2026-07-07T19:03:08.242566,2026-07-07T19:03:08.258550+00:00,136.9,50,bid,,,11212261
2026-07-07T19:03:10.351791,2026-07-07T19:03:10.358556+00:00,137.1,50,bid,,,11212278
2026-07-07T19:03:10.628835,2026-07-07T19:03:10.640258+00:00,137.1,46,bid,,,11212284
2026-07-07T19:03:12.303158,2026-07-07T19:03:12.314717+00:00,136.8,41,ask,,,11212304
2026-07-07T19:03:12.459458,2026-07-07T19:03:12.471268+00:00,137.1,4,bid,,,11212307
2026-07-07T19:03:12.459458,2026-07-07T19:03:12.471268+00:00,137.1,12,bid,,,11212308
2026-07-07T19:03:12.459458,2026-07-07T19:03:12.471268+00:00,137.3,34,bid,,,11212309
2026-07-07T19:03:14.439195,2026-07-07T19:03:14.450704+00:00,137.3,48,bid,,,11212339
2026-07-07T19:03:14.583329,2026-07-07T19:03:14.595381+00:00,137.3,50,bid,,,11212340
2026-07-07T19:03:15.537068,2026-07-07T19:03:15.579316+00:00,136.9,11,ask,,,11212362
2026-07-07T19:03:16.112258,2026-07-07T19:03:16.124009+00:00,137.0,12,bid,,,11212367
2026-07-07T19:03:16.112258,2026-07-07T19:03:16.124009+00:00,137.1,34,bid,,,11212368
2026-07-07T19:03:16.697300,2026-07-07T19:03:16.706461+00:00,137.1,50,bid,,,11212382
2026-07-07T19:03:18.835049,2026-07-07T19:03:18.846587+00:00,137.1,16,bid,,,11212409
2026-07-07T19:03:18.835049,2026-07-07T19:03:18.846587+00:00,137.1,12,bid,,,11212410
2026-07-07T19:03:18.835049,2026-07-07T19:03:18.846587+00:00,137.5,22,bid,,,11212411
2026-07-07T19:03:19.898160,2026-07-07T19:03:19.917930+00:00,137.1,12,ask,,,11212426
2026-07-07T19:03:20.817473,2026-07-07T19:03:20.829458+00:00,137.1,43,ask,,,11212439
2026-07-07T19:03:20.945440,2026-07-07T19:03:20.957304+00:00,137.3,10,bid,,,11212440
2026-07-07T19:03:20.945440,2026-07-07T19:03:20.957304+00:00,137.5,40,bid,,,11212441
2026-07-07T19:03:21.859492,2026-07-07T19:03:21.868321+00:00,137.3,11,ask,,,11212458
2026-07-07T19:03:22.431257,2026-07-07T19:03:22.442887+00:00,137.3,46,ask,,,11212477
2026-07-07T19:03:23.073055,2026-07-07T19:03:23.084887+00:00,137.5,50,bid,,,11212484
2026-07-07T19:03:25.932263,2026-07-07T19:03:25.940696+00:00,137.1,45,ask,,,11212514
2026-07-07T19:03:26.989896,2026-07-07T19:03:27.000805+00:00,137.5,40,bid,,,11212529
2026-07-07T19:03:27.296168,2026-07-07T19:03:27.305896+00:00,137.5,50,bid,,,11212537
2026-07-07T19:03:28.481027,2026-07-07T19:03:28.490035+00:00,137.4,3,ask,,,11212557
2026-07-07T19:03:29.490844,2026-07-07T19:03:29.501619+00:00,137.4,50,ask,,,11212581
2026-07-07T19:03:31.598301,2026-07-07T19:03:31.610164+00:00,137.0,12,ask,,,11212617
2026-07-07T19:03:31.598301,2026-07-07T19:03:31.610164+00:00,137.0,38,ask,,,11212618
2026-07-07T19:03:31.604463,2026-07-07T19:03:31.615176+00:00,137.5,44,bid,,,11212619
2026-07-07T19:03:33.738698,2026-07-07T19:03:33.745420+00:00,137.4,50,ask,,,11212646
2026-07-07T19:03:33.761039,2026-07-07T19:03:33.768644+00:00,137.5,44,bid,,,11212648
2026-07-07T19:03:34.420385,2026-07-07T19:03:34.431944+00:00,137.4,48,ask,,,11212662
2026-07-07T19:03:35.845577,2026-07-07T19:03:35.852130+00:00,137.3,50,ask,,,11212678
2026-07-07T19:03:37.958806,2026-07-07T19:03:37.970090+00:00,137.1,50,ask,,,11212694
2026-07-07T19:03:38.566047,2026-07-07T19:03:38.582677+00:00,137.4,3,bid,,,11212706
2026-07-07T19:03:40.073225,2026-07-07T19:03:40.084849+00:00,137.1,50,ask,,,11212721
2026-07-07T19:03:40.919531,2026-07-07T19:03:40.930930+00:00,137.2,11,bid,,,11212741
2026-07-07T19:03:41.611152,2026-07-07T19:03:41.620347+00:00,137.2,12,bid,,,11212752
2026-07-07T19:03:42.129383,2026-07-07T19:03:42.140812+00:00,137.2,50,bid,,,11212759
2026-07-07T19:03:42.260627,2026-07-07T19:03:42.270137+00:00,137.2,11,bid,,,11212763
2026-07-07T19:03:42.349122,2026-07-07T19:03:42.358926+00:00,137.2,12,bid,,,11212766
2026-07-07T19:03:43.198447,2026-07-07T19:03:43.207268+00:00,137.2,49,bid,,,11212772
2026-07-07T19:03:44.035087,2026-07-07T19:03:44.044136+00:00,137.5,23,ask,,,11212778
2026-07-07T19:03:44.236803,2026-07-07T19:03:44.246872+00:00,137.6,12,bid,,,11212781
2026-07-07T19:03:44.236803,2026-07-07T19:03:44.246872+00:00,138.0,38,bid,,,11212782
2026-07-07T19:03:46.345792,2026-07-07T19:03:46.358588+00:00,137.8,50,bid,,,11212807
2026-07-07T19:03:47.823967,2026-07-07T19:03:47.835556+00:00,137.5,46,ask,,,11212829
2026-07-07T19:03:48.163805,2026-07-07T19:03:48.175435+00:00,137.5,3,ask,,,11212834
2026-07-07T19:03:48.284155,2026-07-07T19:03:48.294632+00:00,137.5,41,ask,,,11212836
2026-07-07T19:03:48.430575,2026-07-07T19:03:48.442340+00:00,137.5,3,ask,,,11212838
2026-07-07T19:03:48.454076,2026-07-07T19:03:48.466675+00:00,137.7,9,bid,,,11212840
2026-07-07T19:03:48.454076,2026-07-07T19:03:48.466675+00:00,137.9,41,bid,,,11212841
2026-07-07T19:03:48.751529,2026-07-07T19:03:48.758003+00:00,137.5,47,ask,,,11212848
2026-07-07T19:03:50.361699,2026-07-07T19:03:50.373026+00:00,137.9,45,bid,,,11212870
2026-07-07T19:03:50.619671,2026-07-07T19:03:50.628810+00:00,137.5,100,bid,,,11212879
2026-07-07T19:03:52.674863,2026-07-07T19:03:52.686406+00:00,137.5,50,bid,,,11212901
2026-07-07T19:03:53.525419,2026-07-07T19:03:53.536495+00:00,137.6,11,ask,,,11212915
2026-07-07T19:03:54.783749,2026-07-07T19:03:54.796315+00:00,137.8,50,bid,,,11212936
2026-07-07T19:03:56.359782,2026-07-07T19:03:56.370811+00:00,137.6,45,ask,,,11212971
2026-07-07T19:03:56.819574,2026-07-07T19:03:56.831331+00:00,137.8,43,bid,,,11212977
2026-07-07T19:03:56.891714,2026-07-07T19:03:56.913504+00:00,137.8,7,bid,,,11212978
2026-07-07T19:03:56.891714,2026-07-07T19:03:56.913504+00:00,137.8,43,bid,,,11212979
2026-07-07T19:03:58.347648,2026-07-07T19:03:58.359470+00:00,137.8,45,bid,,,11213001
2026-07-07T19:03:59.052768,2026-07-07T19:03:59.064526+00:00,137.6,50,ask,,,11213010
2026-07-07T19:03:59.863073,2026-07-07T19:03:59.873426+00:00,137.8,3,ask,,,11213026
2026-07-07T19:04:01.064959,2026-07-07T19:04:01.074492+00:00,137.8,42,ask,,,11213049
2026-07-07T19:04:02.142667,2026-07-07T19:04:02.149100+00:00,138.1,47,bid,,,11213074
2026-07-07T19:04:04.375005,2026-07-07T19:04:04.386739+00:00,137.8,41,ask,,,11213106
2026-07-07T19:04:05.487423,2026-07-07T19:04:05.499361+00:00,137.8,41,ask,,,11213127
2026-07-07T19:04:06.080198,2026-07-07T19:04:06.091990+00:00,138.2,41,bid,,,11213137
2026-07-07T19:04:07.478178,2026-07-07T19:04:07.489300+00:00,137.8,50,ask,,,11213157
2026-07-07T19:04:09.272037,2026-07-07T19:04:09.283891+00:00,137.8,43,ask,,,11213183
2026-07-07T19:04:09.538130,2026-07-07T19:04:09.548643+00:00,137.8,50,bid,,,11213188
2026-07-07T19:04:13.800189,2026-07-07T19:04:13.811969+00:00,137.6,50,ask,,,11213252
2026-07-07T19:04:15.908290,2026-07-07T19:04:15.916646+00:00,137.3,12,ask,,,11213274
2026-07-07T19:04:15.908290,2026-07-07T19:04:15.922009+00:00,137.3,38,ask,,,11213275
2026-07-07T19:04:17.707388,2026-07-07T19:04:17.718004+00:00,137.6,6,bid,,,11213314
2026-07-07T19:04:18.015527,2026-07-07T19:04:18.025793+00:00,137.4,50,ask,,,11213323
2026-07-07T19:04:18.892567,2026-07-07T19:04:18.902120+00:00,137.4,50,ask,,,11213340
2026-07-07T19:04:19.224519,2026-07-07T19:04:19.233978+00:00,137.3,8,bid,,,11213346
2026-07-07T19:04:22.242772,2026-07-07T19:04:22.250454+00:00,137.1,50,ask,,,11213398
2026-07-07T19:04:24.353158,2026-07-07T19:04:24.365212+00:00,137.1,50,ask,,,11213425
2026-07-07T19:04:26.469438,2026-07-07T19:04:26.484072+00:00,136.9,50,ask,,,11213450
2026-07-07T19:04:26.688786,2026-07-07T19:04:26.698372+00:00,137.2,49,bid,,,11213453
2026-07-07T19:04:28.260234,2026-07-07T19:04:28.268676+00:00,137.2,44,bid,,,11213469
2026-07-07T19:04:28.525862,2026-07-07T19:04:28.534336+00:00,137.6,50,bid,,,11213474
2026-07-07T19:04:28.732561,2026-07-07T19:04:28.744245+00:00,137.2,45,bid,,,11213476
2026-07-07T19:04:28.789416,2026-07-07T19:04:28.801248+00:00,137.1,45,ask,,,11213477
2026-07-07T19:04:30.442716,2026-07-07T19:04:30.458602+00:00,137.2,40,bid,,,11213491
2026-07-07T19:04:30.686274,2026-07-07T19:04:30.695262+00:00,137.1,50,ask,,,11213495
2026-07-07T19:04:32.792751,2026-07-07T19:04:32.804665+00:00,137.0,12,ask,,,11213518
2026-07-07T19:04:32.792751,2026-07-07T19:04:32.804665+00:00,137.0,38,ask,,,11213519
2026-07-07T19:04:34.466883,2026-07-07T19:04:34.475153+00:00,137.1,12,ask,,,11213551
2026-07-07T19:04:34.466883,2026-07-07T19:04:34.480172+00:00,137.0,28,ask,,,11213552
2026-07-07T19:04:34.853108,2026-07-07T19:04:34.858557+00:00,137.4,12,bid,,,11213561
2026-07-07T19:04:34.853108,2026-07-07T19:04:34.868885+00:00,137.5,38,bid,,,11213562
2026-07-07T19:04:37.033154,2026-07-07T19:04:37.043159+00:00,137.0,50,ask,,,11213588
2026-07-07T19:04:39.142478,2026-07-07T19:04:39.163781+00:00,137.0,12,ask,,,11213620
2026-07-07T19:04:39.142478,2026-07-07T19:04:39.163781+00:00,137.0,38,ask,,,11213621
2026-07-07T19:04:39.602135,2026-07-07T19:04:39.609521+00:00,137.0,12,ask,,,11213633
2026-07-07T19:04:40.892531,2026-07-07T19:04:40.901422+00:00,137.0,12,ask,,,11213657
2026-07-07T19:04:41.037629,2026-07-07T19:04:41.060027+00:00,137.0,38,ask,,,11213661
2026-07-07T19:04:41.037629,2026-07-07T19:04:41.060027+00:00,136.7,12,ask,,,11213662
2026-07-07T19:04:41.050454,2026-07-07T19:04:41.060027+00:00,136.7,46,bid,,,11213663
2026-07-07T19:04:41.251958,2026-07-07T19:04:41.255654+00:00,136.6,50,ask,,,11213674
2026-07-07T19:04:42.371457,2026-07-07T19:04:42.382955+00:00,136.7,44,bid,,,11213693
2026-07-07T19:04:42.661856,2026-07-07T19:04:42.673309+00:00,136.7,10,bid,,,11213694
2026-07-07T19:04:43.359128,2026-07-07T19:04:43.369168+00:00,136.8,12,ask,,,11213708
2026-07-07T19:04:43.359128,2026-07-07T19:04:43.369168+00:00,136.6,38,ask,,,11213709
2026-07-07T19:04:44.149781,2026-07-07T19:04:44.158550+00:00,137.1,100,bid,,,11213722
2026-07-07T19:04:44.149781,2026-07-07T19:04:44.158550+00:00,137.1,12,bid,,,11213723
2026-07-07T19:04:44.217161,2026-07-07T19:04:44.225824+00:00,137.2,34,ask,,,11213725
2026-07-07T19:04:44.461318,2026-07-07T19:04:44.469540+00:00,137.2,4,ask,,,11213731
2026-07-07T19:04:45.469272,2026-07-07T19:04:45.481189+00:00,136.8,12,ask,,,11213745
2026-07-07T19:04:45.469272,2026-07-07T19:04:45.481189+00:00,136.7,38,ask,,,11213746
2026-07-07T19:04:47.578388,2026-07-07T19:04:47.586900+00:00,136.7,12,ask,,,11213776
2026-07-07T19:04:47.578388,2026-07-07T19:04:47.586900+00:00,136.5,38,ask,,,11213777
2026-07-07T19:04:49.413473,2026-07-07T19:04:49.422466+00:00,136.6,12,ask,,,11213804
2026-07-07T19:04:49.413473,2026-07-07T19:04:49.422466+00:00,136.5,35,ask,,,11213805
2026-07-07T19:04:49.634943,2026-07-07T19:04:49.646517+00:00,136.9,12,bid,,,11213813
2026-07-07T19:04:49.634943,2026-07-07T19:04:49.646517+00:00,137.0,38,bid,,,11213814
2026-07-07T19:04:51.795364,2026-07-07T19:04:51.806899+00:00,136.5,12,ask,,,11213857
2026-07-07T19:04:51.851897,2026-07-07T19:04:51.860585+00:00,136.7,11,bid,,,11213861
2026-07-07T19:04:53.902334,2026-07-07T19:04:53.914315+00:00,136.2,12,ask,,,11213895
2026-07-07T19:04:53.902334,2026-07-07T19:04:53.914315+00:00,135.9,38,ask,,,11213896
2026-07-07T19:04:54.463109,2026-07-07T19:04:54.472702+00:00,136.4,12,bid,,,11213902
2026-07-07T19:04:55.961359,2026-07-07T19:04:55.969578+00:00,136.4,50,bid,,,11213926
2026-07-07T19:05:00.224282,2026-07-07T19:05:00.235756+00:00,136.1,12,ask,,,11213987
2026-07-07T19:05:00.248590,2026-07-07T19:05:00.256465+00:00,136.0,48,ask,,,11213990
2026-07-07T19:05:02.279660,2026-07-07T19:05:02.291547+00:00,136.4,12,bid,,,11214021
2026-07-07T19:05:02.279660,2026-07-07T19:05:02.291547+00:00,136.5,38,bid,,,11214022
2026-07-07T19:05:02.544246,2026-07-07T19:05:02.558562+00:00,136.5,48,bid,,,11214029
2026-07-07T19:05:03.095686,2026-07-07T19:05:03.107148+00:00,136.5,41,bid,,,11214040
2026-07-07T19:05:03.661542,2026-07-07T19:05:03.670358+00:00,136.2,12,ask,,,11214047
2026-07-07T19:05:04.221372,2026-07-07T19:05:04.233005+00:00,136.2,45,ask,,,11214051
2026-07-07T19:05:04.454068,2026-07-07T19:05:04.465947+00:00,136.2,50,ask,,,11214055
2026-07-07T19:05:04.978846,2026-07-07T19:05:04.988686+00:00,136.2,11,ask,,,11214071
2026-07-07T19:05:05.593586,2026-07-07T19:05:05.602726+00:00,136.2,12,ask,,,11214077
2026-07-07T19:05:06.352324,2026-07-07T19:05:06.377606+00:00,136.2,100,ask,,,11214091
2026-07-07T19:05:06.352324,2026-07-07T19:05:06.377606+00:00,135.8,12,ask,,,11214092
2026-07-07T19:05:06.367344,2026-07-07T19:05:06.377606+00:00,135.7,38,bid,,,11214094
2026-07-07T19:05:06.510950,2026-07-07T19:05:06.523126+00:00,136.6,12,bid,,,11214098
2026-07-07T19:05:06.510950,2026-07-07T19:05:06.523126+00:00,136.7,38,bid,,,11214099
2026-07-07T19:05:08.623029,2026-07-07T19:05:08.634628+00:00,136.2,50,bid,,,11214131
2026-07-07T19:05:09.497022,2026-07-07T19:05:09.505525+00:00,136.1,4,ask,,,11214150
2026-07-07T19:05:09.676960,2026-07-07T19:05:09.688529+00:00,136.2,42,bid,,,11214154
2026-07-07T19:05:10.167688,2026-07-07T19:05:10.179368+00:00,136.1,42,ask,,,11214161
2026-07-07T19:05:10.785423,2026-07-07T19:05:10.794468+00:00,136.1,50,ask,,,11214167
2026-07-07T19:05:11.359465,2026-07-07T19:05:11.368641+00:00,136.1,23,ask,,,11214173
2026-07-07T19:05:12.699870,2026-07-07T19:05:12.711760+00:00,136.1,100,ask,,,11214199
2026-07-07T19:05:12.699870,2026-07-07T19:05:12.711760+00:00,135.9,12,ask,,,11214200
2026-07-07T19:05:12.871038,2026-07-07T19:05:12.879925+00:00,135.9,12,bid,,,11214206
2026-07-07T19:05:13.957262,2026-07-07T19:05:13.969240+00:00,135.9,26,bid,,,11214225
2026-07-07T19:05:13.957262,2026-07-07T19:05:13.969240+00:00,136.1,20,bid,,,11214226
2026-07-07T19:05:15.005574,2026-07-07T19:05:15.014582+00:00,135.8,12,ask,,,11214242
2026-07-07T19:05:15.005574,2026-07-07T19:05:15.014582+00:00,135.6,38,ask,,,11214243
2026-07-07T19:05:16.140749,2026-07-07T19:05:16.148477+00:00,135.9,100,ask,,,11214261
2026-07-07T19:05:18.791567,2026-07-07T19:05:18.798159+00:00,135.9,45,ask,,,11214295
2026-07-07T19:05:19.184982,2026-07-07T19:05:19.195253+00:00,135.9,50,bid,,,11214304
2026-07-07T19:05:19.857191,2026-07-07T19:05:19.868744+00:00,135.8,45,ask,,,11214318
2026-07-07T19:05:21.343439,2026-07-07T19:05:21.354765+00:00,135.8,50,ask,,,11214329
2026-07-07T19:05:21.910296,2026-07-07T19:05:21.917206+00:00,135.9,46,bid,,,11214339
2026-07-07T19:05:22.368664,2026-07-07T19:05:22.380525+00:00,135.7,12,ask,,,11214347
2026-07-07T19:05:22.368664,2026-07-07T19:05:22.380525+00:00,135.7,35,ask,,,11214348
2026-07-07T19:05:22.906657,2026-07-07T19:05:22.918080+00:00,135.9,43,bid,,,11214359
2026-07-07T19:05:23.411691,2026-07-07T19:05:23.419583+00:00,135.9,50,bid,,,11214366
2026-07-07T19:05:23.459675,2026-07-07T19:05:23.468647+00:00,135.9,7,bid,,,11214369
2026-07-07T19:05:24.549482,2026-07-07T19:05:24.558544+00:00,136.1,12,bid,,,11214387
2026-07-07T19:05:24.549482,2026-07-07T19:05:24.558544+00:00,136.2,35,bid,,,11214388
2026-07-07T19:05:25.520698,2026-07-07T19:05:25.531551+00:00,136.3,12,bid,,,11214406
2026-07-07T19:05:25.520698,2026-07-07T19:05:25.531551+00:00,136.4,38,bid,,,11214407
2026-07-07T19:05:27.629520,2026-07-07T19:05:27.639314+00:00,136.4,50,bid,,,11214456
2026-07-07T19:05:27.902854,2026-07-07T19:05:27.914757+00:00,136.1,12,ask,,,11214459
2026-07-07T19:05:27.902854,2026-07-07T19:05:27.914757+00:00,135.9,30,ask,,,11214460
2026-07-07T19:05:28.414361,2026-07-07T19:05:28.425389+00:00,136.0,12,ask,,,11214474
2026-07-07T19:05:28.464073,2026-07-07T19:05:28.472850+00:00,136.4,100,bid,,,11214475
2026-07-07T19:05:28.474452,2026-07-07T19:05:28.483355+00:00,136.4,19,ask,,,11214476
2026-07-07T19:05:28.730774,2026-07-07T19:05:28.742828+00:00,136.5,12,bid,,,11214484
2026-07-07T19:05:29.737327,2026-07-07T19:05:29.748076+00:00,136.8,12,bid,,,11214505
2026-07-07T19:05:29.737327,2026-07-07T19:05:29.753312+00:00,136.9,38,bid,,,11214506
2026-07-07T19:05:30.408976,2026-07-07T19:05:30.420603+00:00,136.9,47,bid,,,11214518
2026-07-07T19:05:31.292854,2026-07-07T19:05:31.304307+00:00,136.6,11,ask,,,11214530
2026-07-07T19:05:31.420432,2026-07-07T19:05:31.431716+00:00,136.6,40,ask,,,11214535
2026-07-07T19:05:31.871713,2026-07-07T19:05:31.885142+00:00,136.8,50,bid,,,11214538
2026-07-07T19:05:33.980107,2026-07-07T19:05:33.992018+00:00,136.7,12,bid,,,11214572
2026-07-07T19:05:33.980107,2026-07-07T19:05:33.992018+00:00,136.8,38,bid,,,11214573
2026-07-07T19:05:34.626796,2026-07-07T19:05:34.663689+00:00,136.8,40,bid,,,11214590
2026-07-07T19:05:34.793365,2026-07-07T19:05:34.805084+00:00,136.8,100,bid,,,11214591
2026-07-07T19:05:34.793365,2026-07-07T19:05:34.805084+00:00,136.8,12,bid,,,11214592
2026-07-07T19:05:34.864907,2026-07-07T19:05:34.908282+00:00,137.1,23,ask,,,11214593
2026-07-07T19:05:35.223499,2026-07-07T19:05:35.233017+00:00,137.1,3,ask,,,11214608
2026-07-07T19:05:35.472170,2026-07-07T19:05:35.483761+00:00,137.1,3,ask,,,11214612
2026-07-07T19:05:35.618441,2026-07-07T19:05:35.630112+00:00,137.1,9,ask,,,11214616
2026-07-07T19:05:35.618441,2026-07-07T19:05:35.630112+00:00,136.9,39,ask,,,11214617
2026-07-07T19:05:35.736263,2026-07-07T19:05:35.747856+00:00,136.9,3,ask,,,11214622
2026-07-07T19:05:36.007633,2026-07-07T19:05:36.019560+00:00,136.9,3,ask,,,11214624
2026-07-07T19:05:36.105289,2026-07-07T19:05:36.118283+00:00,137.2,12,bid,,,11214627
2026-07-07T19:05:36.105289,2026-07-07T19:05:36.118283+00:00,137.4,38,bid,,,11214628
2026-07-07T19:05:36.269343,2026-07-07T19:05:36.281103+00:00,136.9,3,ask,,,11214632
2026-07-07T19:05:36.531521,2026-07-07T19:05:36.540353+00:00,136.9,3,ask,,,11214641
2026-07-07T19:05:36.797881,2026-07-07T19:05:36.809214+00:00,136.9,3,ask,,,11214652
2026-07-07T19:05:37.057450,2026-07-07T19:05:37.069179+00:00,136.9,3,ask,,,11214655
2026-07-07T19:05:37.332461,2026-07-07T19:05:37.341196+00:00,136.9,3,ask,,,11214661
2026-07-07T19:05:37.592044,2026-07-07T19:05:37.603695+00:00,136.9,3,ask,,,11214665
2026-07-07T19:05:38.016840,2026-07-07T19:05:38.028313+00:00,136.9,37,ask,,,11214674
2026-07-07T19:05:38.212646,2026-07-07T19:05:38.220096+00:00,136.9,50,bid,,,11214675
2026-07-07T19:05:39.855911,2026-07-07T19:05:39.867810+00:00,136.6,47,ask,,,11214695
2026-07-07T19:05:40.320045,2026-07-07T19:05:40.331908+00:00,136.9,50,bid,,,11214700
2026-07-07T19:05:40.447060,2026-07-07T19:05:40.456867+00:00,136.9,3,bid,,,11214706
2026-07-07T19:05:41.139946,2026-07-07T19:05:41.148460+00:00,136.9,7,bid,,,11214716
2026-07-07T19:05:41.466141,2026-07-07T19:05:41.478095+00:00,137.0,48,ask,,,11214718
2026-07-07T19:05:42.039278,2026-07-07T19:05:42.050945+00:00,137.1,46,bid,,,11214724
2026-07-07T19:05:42.427494,2026-07-07T19:05:42.438638+00:00,137.1,50,bid,,,11214732
2026-07-07T19:05:44.142231,2026-07-07T19:05:44.164041+00:00,137.1,4,bid,,,11214750
2026-07-07T19:05:44.142231,2026-07-07T19:05:44.164041+00:00,137.5,38,bid,,,11214751
2026-07-07T19:05:44.201149,2026-07-07T19:05:44.212916+00:00,137.0,44,ask,,,11214752
2026-07-07T19:05:44.534190,2026-07-07T19:05:44.564343+00:00,137.2,50,bid,,,11214758
2026-07-07T19:05:45.252526,2026-07-07T19:05:45.264079+00:00,137.2,45,bid,,,11214765
2026-07-07T19:05:46.640240,2026-07-07T19:05:46.650290+00:00,137.2,50,bid,,,11214779
2026-07-07T19:05:46.769706,2026-07-07T19:05:46.781467+00:00,137.2,5,bid,,,11214782
2026-07-07T19:05:47.265429,2026-07-07T19:05:47.276987+00:00,136.8,41,ask,,,11214787
2026-07-07T19:05:47.468102,2026-07-07T19:05:47.479470+00:00,137.3,100,bid,,,11214789
2026-07-07T19:05:47.535016,2026-07-07T19:05:47.546104+00:00,137.3,3,ask,,,11214790
2026-07-07T19:05:47.917118,2026-07-07T19:05:47.928952+00:00,137.4,40,bid,,,11214795
2026-07-07T19:05:48.752226,2026-07-07T19:05:48.760756+00:00,137.4,50,bid,,,11214805
2026-07-07T19:05:50.873452,2026-07-07T19:05:50.885297+00:00,137.6,50,bid,,,11214828
2026-07-07T19:05:51.639747,2026-07-07T19:05:51.651476+00:00,137.4,47,ask,,,11214838
2026-07-07T19:05:52.260536,2026-07-07T19:05:52.272118+00:00,137.4,46,ask,,,11214846
2026-07-07T19:05:52.289190,2026-07-07T19:05:52.298257+00:00,137.4,3,ask,,,11214847
2026-07-07T19:05:52.864556,2026-07-07T19:05:52.876399+00:00,137.4,4,ask,,,11214856
2026-07-07T19:05:52.985456,2026-07-07T19:05:52.992122+00:00,137.6,50,bid,,,11214859
2026-07-07T19:05:55.099895,2026-07-07T19:05:55.111668+00:00,137.4,50,bid,,,11214889
2026-07-07T19:05:55.721291,2026-07-07T19:05:55.731913+00:00,137.4,41,bid,,,11214897
2026-07-07T19:05:56.224036,2026-07-07T19:05:56.233732+00:00,137.3,23,ask,,,11214913
2026-07-07T19:05:57.208100,2026-07-07T19:05:57.219484+00:00,137.4,50,bid,,,11214925
2026-07-07T19:05:58.546591,2026-07-07T19:05:58.558592+00:00,137.4,45,bid,,,11214947
2026-07-07T19:05:59.347073,2026-07-07T19:05:59.358635+00:00,137.4,50,bid,,,11214955
2026-07-07T19:06:00.122082,2026-07-07T19:06:00.133817+00:00,137.4,100,bid,,,11214967
2026-07-07T19:06:00.769913,2026-07-07T19:06:00.779549+00:00,137.4,4,ask,,,11214980
2026-07-07T19:06:01.193217,2026-07-07T19:06:01.204226+00:00,137.4,46,ask,,,11214986
2026-07-07T19:06:01.193217,2026-07-07T19:06:01.204226+00:00,137.3,3,ask,,,11214987
2026-07-07T19:06:01.478907,2026-07-07T19:06:01.487359+00:00,137.3,11,ask,,,11214996
2026-07-07T19:06:03.355876,2026-07-07T19:06:03.369113+00:00,137.3,86,ask,,,11215028
2026-07-07T19:06:03.610369,2026-07-07T19:06:03.617170+00:00,136.9,50,ask,,,11215035
2026-07-07T19:06:04.723412,2026-07-07T19:06:04.736275+00:00,137.3,43,bid,,,11215054
2026-07-07T19:06:05.717196,2026-07-07T19:06:05.724109+00:00,136.9,50,ask,,,11215066
2026-07-07T19:06:06.466136,2026-07-07T19:06:06.477894+00:00,137.4,100,bid,,,11215072
2026-07-07T19:06:06.779850,2026-07-07T19:06:06.791587+00:00,137.4,50,ask,,,11215075
2026-07-07T19:06:07.774297,2026-07-07T19:06:07.787542+00:00,137.4,50,bid,,,11215086
2026-07-07T19:06:09.881366,2026-07-07T19:06:09.893072+00:00,137.2,50,bid,,,11215113
2026-07-07T19:06:13.324727,2026-07-07T19:06:13.332802+00:00,137.0,49,ask,,,11215156
2026-07-07T19:06:14.147635,2026-07-07T19:06:14.163629+00:00,137.0,50,ask,,,11215165
2026-07-07T19:06:16.022745,2026-07-07T19:06:16.033144+00:00,137.4,11,bid,,,11215187
2026-07-07T19:06:16.254696,2026-07-07T19:06:16.266373+00:00,137.2,50,ask,,,11215193
2026-07-07T19:06:16.879846,2026-07-07T19:06:16.890278+00:00,137.4,43,bid,,,11215205
2026-07-07T19:06:18.365367,2026-07-07T19:06:18.374786+00:00,137.2,50,ask,,,11215233
2026-07-07T19:06:19.445734,2026-07-07T19:06:19.458614+00:00,137.3,100,ask,,,11215249
2026-07-07T19:06:20.381728,2026-07-07T19:06:20.393530+00:00,137.3,4,ask,,,11215259
2026-07-07T19:06:20.425993,2026-07-07T19:06:20.434561+00:00,137.8,50,bid,,,11215263
2026-07-07T19:06:20.967289,2026-07-07T19:06:20.974124+00:00,137.3,46,ask,,,11215277
2026-07-07T19:06:22.583177,2026-07-07T19:06:22.591412+00:00,136.8,50,ask,,,11215299
2026-07-07T19:06:23.317735,2026-07-07T19:06:23.329340+00:00,136.8,40,ask,,,11215307
2026-07-07T19:06:24.688709,2026-07-07T19:06:24.697914+00:00,136.8,10,ask,,,11215326
2026-07-07T19:06:24.688709,2026-07-07T19:06:24.697914+00:00,136.7,40,ask,,,11215327
2026-07-07T19:06:25.122029,2026-07-07T19:06:25.130849+00:00,137.2,12,bid,,,11215338
2026-07-07T19:06:26.799557,2026-07-07T19:06:26.809206+00:00,136.9,50,ask,,,11215364
2026-07-07T19:06:27.894773,2026-07-07T19:06:27.902910+00:00,137.3,42,bid,,,11215378
2026-07-07T19:06:28.660139,2026-07-07T19:06:28.672039+00:00,136.8,100,ask,,,11215397
2026-07-07T19:06:28.831718,2026-07-07T19:06:28.858897+00:00,136.8,14,bid,,,11215399
2026-07-07T19:06:28.868077,2026-07-07T19:06:28.889865+00:00,136.8,36,bid,,,11215404
2026-07-07T19:06:29.857303,2026-07-07T19:06:29.868889+00:00,136.9,48,bid,,,11215419
2026-07-07T19:06:30.335166,2026-07-07T19:06:30.346767+00:00,136.9,44,bid,,,11215423
2026-07-07T19:06:30.976183,2026-07-07T19:06:30.987672+00:00,136.9,8,bid,,,11215438
2026-07-07T19:06:31.859529,2026-07-07T19:06:31.868955+00:00,136.9,3,ask,,,11215456
2026-07-07T19:06:33.000383,2026-07-07T19:06:33.010901+00:00,136.9,11,ask,,,11215469
2026-07-07T19:06:33.132927,2026-07-07T19:06:33.144677+00:00,136.9,50,ask,,,11215477
2026-07-07T19:06:33.920975,2026-07-07T19:06:33.929483+00:00,136.9,46,ask,,,11215488
2026-07-07T19:06:34.569190,2026-07-07T19:06:34.580880+00:00,137.0,48,bid,,,11215495
2026-07-07T19:06:34.626592,2026-07-07T19:06:34.634143+00:00,136.9,40,ask,,,11215496
2026-07-07T19:06:34.626592,2026-07-07T19:06:34.639364+00:00,136.5,3,ask,,,11215497
2026-07-07T19:06:35.252442,2026-07-07T19:06:35.264279+00:00,136.9,50,ask,,,11215505
2026-07-07T19:06:35.712383,2026-07-07T19:06:35.724184+00:00,136.9,49,ask,,,11215512
2026-07-07T19:06:37.360141,2026-07-07T19:06:37.369372+00:00,136.9,1,ask,,,11215533
2026-07-07T19:06:37.360141,2026-07-07T19:06:37.369372+00:00,136.5,49,ask,,,11215534
2026-07-07T19:06:38.238114,2026-07-07T19:06:38.247321+00:00,137.0,14,bid,,,11215552
2026-07-07T19:06:39.418505,2026-07-07T19:06:39.427841+00:00,137.0,50,bid,,,11215571
2026-07-07T19:06:41.604512,2026-07-07T19:06:41.616041+00:00,136.6,50,ask,,,11215601
2026-07-07T19:06:42.696084,2026-07-07T19:06:42.704976+00:00,137.0,44,bid,,,11215617
2026-07-07T19:06:44.812466,2026-07-07T19:06:44.823747+00:00,136.6,47,ask,,,11215653
2026-07-07T19:06:45.823719,2026-07-07T19:06:45.833877+00:00,136.6,50,ask,,,11215667
2026-07-07T19:06:47.937342,2026-07-07T19:06:47.949087+00:00,136.7,50,ask,,,11215701
2026-07-07T19:06:50.073720,2026-07-07T19:06:50.085500+00:00,136.7,50,ask,,,11215728
2026-07-07T19:06:52.181623,2026-07-07T19:06:52.193468+00:00,136.3,50,ask,,,11215766
2026-07-07T19:06:53.116541,2026-07-07T19:06:53.128098+00:00,136.6,4,bid,,,11215789
2026-07-07T19:06:54.004797,2026-07-07T19:06:54.016203+00:00,136.6,3,bid,,,11215802
2026-07-07T19:06:54.267649,2026-07-07T19:06:54.274237+00:00,136.6,50,bid,,,11215809
2026-07-07T19:06:56.374690,2026-07-07T19:06:56.386779+00:00,136.6,50,bid,,,11215838
2026-07-07T19:06:56.386817,2026-07-07T19:06:56.397205+00:00,136.6,4,bid,,,11215840
2026-07-07T19:06:57.101870,2026-07-07T19:06:57.111514+00:00,136.7,100,bid,,,11215853
2026-07-07T19:06:57.339479,2026-07-07T19:06:57.349613+00:00,137.2,45,bid,,,11215858
2026-07-07T19:07:00.680893,2026-07-07T19:07:00.692876+00:00,136.5,50,ask,,,11215902
2026-07-07T19:07:01.928524,2026-07-07T19:07:01.940491+00:00,136.9,40,bid,,,11215915
2026-07-07T19:07:02.789009,2026-07-07T19:07:02.796832+00:00,136.5,50,ask,,,11215929
2026-07-07T19:07:04.477139,2026-07-07T19:07:04.486980+00:00,136.7,3,ask,,,11215951
2026-07-07T19:07:04.733216,2026-07-07T19:07:04.744921+00:00,136.7,46,ask,,,11215958
2026-07-07T19:07:04.899221,2026-07-07T19:07:04.907026+00:00,136.7,50,ask,,,11215966
2026-07-07T19:07:07.030225,2026-07-07T19:07:07.041857+00:00,136.4,12,ask,,,11215998
2026-07-07T19:07:07.030225,2026-07-07T19:07:07.041857+00:00,136.3,38,ask,,,11215999
2026-07-07T19:07:07.726358,2026-07-07T19:07:07.737957+00:00,136.8,49,bid,,,11216009
2026-07-07T19:07:09.139296,2026-07-07T19:07:09.147319+00:00,136.3,50,ask,,,11216031
2026-07-07T19:07:09.822246,2026-07-07T19:07:09.840882+00:00,136.5,14,bid,,,11216040
2026-07-07T19:07:10.217615,2026-07-07T19:07:10.226135+00:00,136.3,12,ask,,,11216052
2026-07-07T19:07:10.217615,2026-07-07T19:07:10.226135+00:00,136.2,30,ask,,,11216053
2026-07-07T19:07:11.276608,2026-07-07T19:07:11.287342+00:00,136.2,50,ask,,,11216078
2026-07-07T19:07:13.312259,2026-07-07T19:07:13.320433+00:00,136.4,12,bid,,,11216113
2026-07-07T19:07:13.384670,2026-07-07T19:07:13.396187+00:00,136.3,12,ask,,,11216115
2026-07-07T19:07:13.384670,2026-07-07T19:07:13.396187+00:00,136.1,38,ask,,,11216116
2026-07-07T19:07:13.798469,2026-07-07T19:07:13.810632+00:00,136.4,47,bid,,,11216122
2026-07-07T19:07:14.915531,2026-07-07T19:07:14.924950+00:00,136.4,11,bid,,,11216141
2026-07-07T19:07:15.506674,2026-07-07T19:07:15.519582+00:00,136.2,12,ask,,,11216153
2026-07-07T19:07:15.506674,2026-07-07T19:07:15.519582+00:00,136.1,38,ask,,,11216154
2026-07-07T19:07:16.190698,2026-07-07T19:07:16.202717+00:00,136.0,12,ask,,,11216163
2026-07-07T19:07:16.190698,2026-07-07T19:07:16.202717+00:00,135.9,29,ask,,,11216164
2026-07-07T19:07:17.610901,2026-07-07T19:07:17.622460+00:00,136.4,40,bid,,,11216183
2026-07-07T19:07:17.617209,2026-07-07T19:07:17.627975+00:00,136.3,12,ask,,,11216184
2026-07-07T19:07:17.617209,2026-07-07T19:07:17.627975+00:00,136.1,38,ask,,,11216185
2026-07-07T19:07:19.747192,2026-07-07T19:07:19.757115+00:00,136.2,12,ask,,,11216221
2026-07-07T19:07:19.747192,2026-07-07T19:07:19.757115+00:00,136.0,38,ask,,,11216222
2026-07-07T19:07:20.151026,2026-07-07T19:07:20.163955+00:00,136.5,12,bid,,,11216228
2026-07-07T19:07:20.151026,2026-07-07T19:07:20.163955+00:00,136.5,31,bid,,,11216229
2026-07-07T19:07:20.704580,2026-07-07T19:07:20.716538+00:00,136.1,12,ask,,,11216244
2026-07-07T19:07:20.704580,2026-07-07T19:07:20.716538+00:00,136.0,30,ask,,,11216245
2026-07-07T19:07:21.855891,2026-07-07T19:07:21.867512+00:00,136.0,50,ask,,,11216265
2026-07-07T19:07:22.496130,2026-07-07T19:07:22.505126+00:00,136.3,23,bid,,,11216280
2026-07-07T19:07:22.937992,2026-07-07T19:07:22.946078+00:00,136.3,12,bid,,,11216287
2026-07-07T19:07:23.985169,2026-07-07T19:07:23.996748+00:00,136.2,50,ask,,,11216313
2026-07-07T19:07:24.776504,2026-07-07T19:07:24.788202+00:00,136.2,45,ask,,,11216327
2026-07-07T19:07:25.979634,2026-07-07T19:07:25.986751+00:00,136.2,12,ask,,,11216343
2026-07-07T19:07:26.091836,2026-07-07T19:07:26.099018+00:00,135.8,50,ask,,,11216349
2026-07-07T19:07:28.214883,2026-07-07T19:07:28.226369+00:00,135.9,12,ask,,,11216380
2026-07-07T19:07:28.214883,2026-07-07T19:07:28.231795+00:00,135.8,38,ask,,,11216381
2026-07-07T19:07:28.831754,2026-07-07T19:07:28.840362+00:00,136.0,23,bid,,,11216389
2026-07-07T19:07:30.324152,2026-07-07T19:07:30.335963+00:00,135.8,50,ask,,,11216408
2026-07-07T19:07:32.396642,2026-07-07T19:07:32.404597+00:00,136.0,50,bid,,,11216441
2026-07-07T19:07:33.070764,2026-07-07T19:07:33.081222+00:00,136.0,11,bid,,,11216446
2026-07-07T19:07:34.281054,2026-07-07T19:07:34.289155+00:00,136.0,6,bid,,,11216465
2026-07-07T19:07:35.969928,2026-07-07T19:07:35.978944+00:00,136.1,6,ask,,,11216494
2026-07-07T19:07:36.197180,2026-07-07T19:07:36.205863+00:00,136.2,4,ask,,,11216506
2026-07-07T19:07:36.665723,2026-07-07T19:07:36.677212+00:00,136.0,50,ask,,,11216513
2026-07-07T19:07:38.722927,2026-07-07T19:07:38.731557+00:00,136.2,50,bid,,,11216535
2026-07-07T19:07:39.926375,2026-07-07T19:07:39.936612+00:00,136.2,4,bid,,,11216561
2026-07-07T19:07:40.272485,2026-07-07T19:07:40.280422+00:00,136.2,44,bid,,,11216563
2026-07-07T19:07:40.746362,2026-07-07T19:07:40.758584+00:00,136.2,46,bid,,,11216570
2026-07-07T19:07:40.831011,2026-07-07T19:07:40.843051+00:00,136.2,6,bid,,,11216571
2026-07-07T19:07:40.831011,2026-07-07T19:07:40.843051+00:00,136.2,44,bid,,,11216572
2026-07-07T19:07:41.413933,2026-07-07T19:07:41.425698+00:00,136.2,56,bid,,,11216579
2026-07-07T19:07:41.426995,2026-07-07T19:07:41.435924+00:00,136.5,23,ask,,,11216581
2026-07-07T19:07:41.544112,2026-07-07T19:07:41.553166+00:00,136.5,11,ask,,,11216585
2026-07-07T19:07:42.945810,2026-07-07T19:07:42.954402+00:00,136.6,50,bid,,,11216606
2026-07-07T19:07:43.467918,2026-07-07T19:07:43.479588+00:00,136.5,47,ask,,,11216613
2026-07-07T19:07:45.042721,2026-07-07T19:07:45.054492+00:00,136.3,44,ask,,,11216626
2026-07-07T19:07:45.107198,2026-07-07T19:07:45.119672+00:00,136.3,50,ask,,,11216627
2026-07-07T19:07:45.182256,2026-07-07T19:07:45.192202+00:00,136.4,11,bid,,,11216632
2026-07-07T19:07:47.163115,2026-07-07T19:07:47.174918+00:00,136.4,50,bid,,,11216654
2026-07-07T19:07:47.664252,2026-07-07T19:07:47.675680+00:00,136.4,46,bid,,,11216665
2026-07-07T19:07:48.743532,2026-07-07T19:07:48.751032+00:00,136.6,49,bid,,,11216679
2026-07-07T19:07:49.269946,2026-07-07T19:07:49.280120+00:00,136.6,50,bid,,,11216686
2026-07-07T19:07:53.499616,2026-07-07T19:07:53.511606+00:00,136.8,12,bid,,,11216733
2026-07-07T19:07:53.499616,2026-07-07T19:07:53.511606+00:00,136.8,38,bid,,,11216734
2026-07-07T19:07:53.872295,2026-07-07T19:07:53.881632+00:00,136.3,46,ask,,,11216740
2026-07-07T19:07:54.496738,2026-07-07T19:07:54.508504+00:00,136.8,42,bid,,,11216745
2026-07-07T19:07:55.658849,2026-07-07T19:07:55.670592+00:00,136.3,50,ask,,,11216758
2026-07-07T19:07:56.019873,2026-07-07T19:07:56.031324+00:00,136.3,45,ask,,,11216763
2026-07-07T19:07:56.552378,2026-07-07T19:07:56.563837+00:00,136.3,47,ask,,,11216770
2026-07-07T19:07:57.520484,2026-07-07T19:07:57.532054+00:00,136.4,46,bid,,,11216784
2026-07-07T19:07:57.716737,2026-07-07T19:07:57.728305+00:00,136.4,50,bid,,,11216789
2026-07-07T19:07:58.093422,2026-07-07T19:07:58.101865+00:00,136.4,12,bid,,,11216796
2026-07-07T19:07:58.359901,2026-07-07T19:07:58.364722+00:00,136.3,11,ask,,,11216801
2026-07-07T19:07:59.826144,2026-07-07T19:07:59.837840+00:00,136.4,42,bid,,,11216830
2026-07-07T19:08:01.580347,2026-07-07T19:08:01.591859+00:00,136.6,12,bid,,,11216854
2026-07-07T19:08:01.580347,2026-07-07T19:08:01.591859+00:00,136.6,31,bid,,,11216855
2026-07-07T19:08:01.636583,2026-07-07T19:08:01.648225+00:00,136.3,44,ask,,,11216857
2026-07-07T19:08:02.094699,2026-07-07T19:08:02.101479+00:00,136.3,47,ask,,,11216862
2026-07-07T19:08:04.037364,2026-07-07T19:08:04.049203+00:00,136.6,12,bid,,,11216893
2026-07-07T19:08:04.037364,2026-07-07T19:08:04.049203+00:00,136.6,38,bid,,,11216894
2026-07-07T19:08:06.147132,2026-07-07T19:08:06.158585+00:00,136.6,50,bid,,,11216921
2026-07-07T19:08:07.554328,2026-07-07T19:08:07.563825+00:00,136.3,11,ask,,,11216945
2026-07-07T19:08:10.358692,2026-07-07T19:08:10.370244+00:00,136.6,12,bid,,,11216975
2026-07-07T19:08:10.358692,2026-07-07T19:08:10.370244+00:00,136.7,38,bid,,,11216976
2026-07-07T19:08:12.484555,2026-07-07T19:08:12.496386+00:00,136.7,42,bid,,,11217008
2026-07-07T19:08:12.517929,2026-07-07T19:08:12.529762+00:00,136.3,50,ask,,,11217009
2026-07-07T19:08:14.575184,2026-07-07T19:08:14.586917+00:00,136.7,50,bid,,,11217048
2026-07-07T19:08:16.079945,2026-07-07T19:08:16.087337+00:00,136.5,45,ask,,,11217066
2026-07-07T19:08:16.682700,2026-07-07T19:08:16.689293+00:00,136.7,12,bid,,,11217078
2026-07-07T19:08:16.682700,2026-07-07T19:08:16.689293+00:00,136.9,38,bid,,,11217079
2026-07-07T19:08:19.759694,2026-07-07T19:08:19.771586+00:00,136.8,12,bid,,,11217118
2026-07-07T19:08:19.759694,2026-07-07T19:08:19.771586+00:00,137.2,28,bid,,,11217119
2026-07-07T19:08:20.247051,2026-07-07T19:08:20.255701+00:00,136.7,42,ask,,,11217126
2026-07-07T19:08:23.052366,2026-07-07T19:08:23.063982+00:00,136.7,50,ask,,,11217166
2026-07-07T19:08:23.187324,2026-07-07T19:08:23.193920+00:00,137.0,12,bid,,,11217167
2026-07-07T19:08:23.187324,2026-07-07T19:08:23.199110+00:00,137.1,28,bid,,,11217168
2026-07-07T19:08:23.309882,2026-07-07T19:08:23.320564+00:00,136.7,23,ask,,,11217173
2026-07-07T19:08:25.161063,2026-07-07T19:08:25.172562+00:00,136.7,50,ask,,,11217205
2026-07-07T19:08:25.817758,2026-07-07T19:08:25.828737+00:00,136.7,11,bid,,,11217210
2026-07-07T19:08:25.931855,2026-07-07T19:08:25.940813+00:00,136.7,23,bid,,,11217213
2026-07-07T19:08:26.095309,2026-07-07T19:08:26.107147+00:00,136.7,100,bid,,,11217218
2026-07-07T19:08:26.149731,2026-07-07T19:08:26.152734+00:00,136.7,12,bid,,,11217219
2026-07-07T19:08:27.219821,2026-07-07T19:08:27.227649+00:00,136.7,4,bid,,,11217237
2026-07-07T19:08:27.219821,2026-07-07T19:08:27.232666+00:00,137.2,12,bid,,,11217238
2026-07-07T19:08:27.219821,2026-07-07T19:08:27.232666+00:00,137.4,34,bid,,,11217239
2026-07-07T19:08:28.925731,2026-07-07T19:08:28.935431+00:00,137.1,11,ask,,,11217259
2026-07-07T19:08:29.330940,2026-07-07T19:08:29.342560+00:00,137.2,50,bid,,,11217267
2026-07-07T19:08:29.876728,2026-07-07T19:08:29.887409+00:00,137.1,12,ask,,,11217278
2026-07-07T19:08:30.167868,2026-07-07T19:08:30.179523+00:00,137.2,44,bid,,,11217284
2026-07-07T19:08:31.193616,2026-07-07T19:08:31.205210+00:00,137.1,11,ask,,,11217297
2026-07-07T19:08:33.606861,2026-07-07T19:08:33.613880+00:00,136.9,12,ask,,,11217332
2026-07-07T19:08:33.606861,2026-07-07T19:08:33.619066+00:00,136.9,38,ask,,,11217333
2026-07-07T19:08:35.717033,2026-07-07T19:08:35.728621+00:00,136.8,50,ask,,,11217369
2026-07-07T19:08:36.375094,2026-07-07T19:08:36.386774+00:00,136.8,43,ask,,,11217377
2026-07-07T19:08:37.320477,2026-07-07T19:08:37.329539+00:00,137.2,12,bid,,,11217389
2026-07-07T19:08:37.320477,2026-07-07T19:08:37.329539+00:00,137.3,37,bid,,,11217390
2026-07-07T19:08:37.376475,2026-07-07T19:08:37.388059+00:00,136.8,46,ask,,,11217391
2026-07-07T19:08:37.828119,2026-07-07T19:08:37.839041+00:00,136.8,11,ask,,,11217398
2026-07-07T19:08:37.828119,2026-07-07T19:08:37.839041+00:00,136.8,39,ask,,,11217399
2026-07-07T19:08:38.060905,2026-07-07T19:08:38.072439+00:00,136.8,44,ask,,,11217405
2026-07-07T19:08:38.454375,2026-07-07T19:08:38.458603+00:00,136.8,17,ask,,,11217415
2026-07-07T19:08:38.469916,2026-07-07T19:08:38.480178+00:00,136.8,23,bid,,,11217416
2026-07-07T19:08:39.937953,2026-07-07T19:08:39.949495+00:00,136.6,12,ask,,,11217434
2026-07-07T19:08:39.937953,2026-07-07T19:08:39.949495+00:00,136.5,38,ask,,,11217435
2026-07-07T19:08:40.215527,2026-07-07T19:08:40.230952+00:00,136.8,41,bid,,,11217438
2026-07-07T19:08:42.073592,2026-07-07T19:08:42.080921+00:00,136.6,12,ask,,,11217465
2026-07-07T19:08:42.073592,2026-07-07T19:08:42.086525+00:00,136.5,38,ask,,,11217466
2026-07-07T19:08:44.182275,2026-07-07T19:08:44.189899+00:00,136.5,50,ask,,,11217496
2026-07-07T19:08:46.050289,2026-07-07T19:08:46.058583+00:00,136.5,12,ask,,,11217517
2026-07-07T19:08:46.245044,2026-07-07T19:08:46.258593+00:00,136.7,50,bid,,,11217528
2026-07-07T19:08:48.356867,2026-07-07T19:08:48.368288+00:00,136.7,50,bid,,,11217567
2026-07-07T19:08:48.585929,2026-07-07T19:08:48.593001+00:00,136.7,45,bid,,,11217569
2026-07-07T19:08:49.162293,2026-07-07T19:08:49.174479+00:00,136.7,5,bid,,,11217577
2026-07-07T19:08:49.162293,2026-07-07T19:08:49.174479+00:00,136.8,37,bid,,,11217578
2026-07-07T19:08:50.487023,2026-07-07T19:08:50.497783+00:00,136.8,50,bid,,,11217595
2026-07-07T19:08:52.595317,2026-07-07T19:08:52.606996+00:00,137.1,12,bid,,,11217630
2026-07-07T19:08:52.595317,2026-07-07T19:08:52.606996+00:00,137.3,38,bid,,,11217631
2026-07-07T19:08:54.704434,2026-07-07T19:08:54.711778+00:00,137.3,50,bid,,,11217660
2026-07-07T19:08:55.607319,2026-07-07T19:08:55.619072+00:00,136.9,12,ask,,,11217681
2026-07-07T19:08:55.607319,2026-07-07T19:08:55.619072+00:00,136.8,33,ask,,,11217682
2026-07-07T19:08:57.434721,2026-07-07T19:08:57.443262+00:00,137.2,12,ask,,,11217710
2026-07-07T19:08:58.814360,2026-07-07T19:08:58.824505+00:00,137.2,11,ask,,,11217723
2026-07-07T19:08:58.915480,2026-07-07T19:08:58.927365+00:00,137.3,12,bid,,,11217728
2026-07-07T19:08:58.915480,2026-07-07T19:08:58.927365+00:00,137.5,38,bid,,,11217729
2026-07-07T19:09:01.074368,2026-07-07T19:09:01.085328+00:00,137.1,50,ask,,,11217771
2026-07-07T19:09:02.258422,2026-07-07T19:09:02.266629+00:00,137.1,48,ask,,,11217790
2026-07-07T19:09:03.208744,2026-07-07T19:09:03.223180+00:00,137.1,2,ask,,,11217806
2026-07-07T19:09:03.208744,2026-07-07T19:09:03.223180+00:00,137.0,48,ask,,,11217807
2026-07-07T19:09:03.266468,2026-07-07T19:09:03.273025+00:00,137.4,12,bid,,,11217808
2026-07-07T19:09:03.266468,2026-07-07T19:09:03.278246+00:00,137.5,32,bid,,,11217809
2026-07-07T19:09:04.159549,2026-07-07T19:09:04.169869+00:00,137.2,11,bid,,,11217825
2026-07-07T19:09:04.729348,2026-07-07T19:09:04.740697+00:00,137.2,47,bid,,,11217838
2026-07-07T19:09:04.783874,2026-07-07T19:09:04.795648+00:00,137.1,46,ask,,,11217840
2026-07-07T19:09:05.265904,2026-07-07T19:09:05.277524+00:00,137.2,42,bid,,,11217851
2026-07-07T19:09:05.265904,2026-07-07T19:09:05.277524+00:00,137.6,8,bid,,,11217852
2026-07-07T19:09:07.379391,2026-07-07T19:09:07.390923+00:00,137.3,50,bid,,,11217890
2026-07-07T19:09:09.499673,2026-07-07T19:09:09.511171+00:00,137.3,50,bid,,,11217922
2026-07-07T19:09:10.091534,2026-07-07T19:09:10.103285+00:00,137.4,12,bid,,,11217933
2026-07-07T19:09:10.630676,2026-07-07T19:09:10.643481+00:00,137.5,11,ask,,,11217945
2026-07-07T19:09:11.607748,2026-07-07T19:09:11.614518+00:00,137.6,12,bid,,,11217955
2026-07-07T19:09:11.607748,2026-07-07T19:09:11.619748+00:00,137.9,38,bid,,,11217956
2026-07-07T19:09:13.736925,2026-07-07T19:09:13.746328+00:00,137.8,12,bid,,,11217991
2026-07-07T19:09:13.736925,2026-07-07T19:09:13.746328+00:00,137.8,38,bid,,,11217992
2026-07-07T19:09:15.907260,2026-07-07T19:09:15.916729+00:00,137.4,50,ask,,,11218021
2026-07-07T19:09:17.962874,2026-07-07T19:09:17.974625+00:00,137.7,12,bid,,,11218052
2026-07-07T19:09:17.962874,2026-07-07T19:09:17.974625+00:00,137.8,38,bid,,,11218053
2026-07-07T19:09:20.073107,2026-07-07T19:09:20.079870+00:00,137.8,12,bid,,,11218077
2026-07-07T19:09:20.073107,2026-07-07T19:09:20.084883+00:00,138.0,38,bid,,,11218078
2026-07-07T19:09:20.846081,2026-07-07T19:09:20.855415+00:00,137.6,12,ask,,,11218094
2026-07-07T19:09:22.205769,2026-07-07T19:09:22.217513+00:00,138.0,50,bid,,,11218107
2026-07-07T19:09:22.268149,2026-07-07T19:09:22.279854+00:00,137.6,42,ask,,,11218108
2026-07-07T19:09:24.163220,2026-07-07T19:09:24.174661+00:00,137.7,48,bid,,,11218138
2026-07-07T19:09:24.313261,2026-07-07T19:09:24.319888+00:00,137.7,50,bid,,,11218140
2026-07-07T19:09:24.483298,2026-07-07T19:09:24.493251+00:00,137.6,11,ask,,,11218141
2026-07-07T19:09:25.098270,2026-07-07T19:09:25.118141+00:00,137.6,3,ask,,,11218149
2026-07-07T19:09:25.347986,2026-07-07T19:09:25.354820+00:00,137.6,12,ask,,,11218154
2026-07-07T19:09:28.579549,2026-07-07T19:09:28.591193+00:00,137.5,50,ask,,,11218201
2026-07-07T19:09:30.156665,2026-07-07T19:09:30.168501+00:00,137.4,43,ask,,,11218228
2026-07-07T19:09:30.690227,2026-07-07T19:09:30.697552+00:00,137.4,50,ask,,,11218232
2026-07-07T19:09:32.797334,2026-07-07T19:09:32.809223+00:00,137.2,50,ask,,,11218264
2026-07-07T19:09:32.801659,2026-07-07T19:09:32.809223+00:00,137.5,42,bid,,,11218265
2026-07-07T19:09:32.872078,2026-07-07T19:09:32.880444+00:00,137.2,41,ask,,,11218268
2026-07-07T19:09:35.506181,2026-07-07T19:09:35.516811+00:00,137.4,3,bid,,,11218313
2026-07-07T19:09:36.191343,2026-07-07T19:09:36.202864+00:00,137.4,43,bid,,,11218321
2026-07-07T19:09:36.955497,2026-07-07T19:09:36.958231+00:00,137.4,50,bid,,,11218337
2026-07-07T19:09:37.139185,2026-07-07T19:09:37.149071+00:00,137.4,11,bid,,,11218343
2026-07-07T19:09:37.392685,2026-07-07T19:09:37.399943+00:00,137.2,12,ask,,,11218345
2026-07-07T19:09:37.392685,2026-07-07T19:09:37.405140+00:00,137.2,29,ask,,,11218346
2026-07-07T19:09:38.034595,2026-07-07T19:09:38.045783+00:00,137.2,47,ask,,,11218362
2026-07-07T19:09:38.606261,2026-07-07T19:09:38.614820+00:00,137.5,9,bid,,,11218372
2026-07-07T19:09:38.682484,2026-07-07T19:09:38.694833+00:00,137.7,47,bid,,,11218373
2026-07-07T19:09:39.118248,2026-07-07T19:09:39.130065+00:00,137.6,50,ask,,,11218386
2026-07-07T19:09:40.867329,2026-07-07T19:09:40.876043+00:00,137.6,11,ask,,,11218414
2026-07-07T19:09:41.226083,2026-07-07T19:09:41.237444+00:00,137.6,50,ask,,,11218419
2026-07-07T19:09:41.822241,2026-07-07T19:09:41.829394+00:00,137.4,100,ask,,,11218436
2026-07-07T19:09:42.159890,2026-07-07T19:09:42.169253+00:00,137.4,34,bid,,,11218443
2026-07-07T19:09:43.347836,2026-07-07T19:09:43.363991+00:00,137.1,12,ask,,,11218462
2026-07-07T19:09:43.347836,2026-07-07T19:09:43.363991+00:00,136.9,38,ask,,,11218463
2026-07-07T19:09:43.472811,2026-07-07T19:09:43.481130+00:00,137.4,12,bid,,,11218466
2026-07-07T19:09:44.780883,2026-07-07T19:09:44.791734+00:00,137.4,4,bid,,,11218484
2026-07-07T19:09:44.780883,2026-07-07T19:09:44.791734+00:00,137.4,7,bid,,,11218485
2026-07-07T19:09:44.932465,2026-07-07T19:09:44.944435+00:00,137.4,93,bid,,,11218488
2026-07-07T19:09:44.932465,2026-07-07T19:09:44.944435+00:00,137.9,12,bid,,,11218489
2026-07-07T19:09:45.003930,2026-07-07T19:09:45.013661+00:00,137.9,23,ask,,,11218490
2026-07-07T19:09:45.457876,2026-07-07T19:09:45.469166+00:00,137.9,22,ask,,,11218499
2026-07-07T19:09:45.457876,2026-07-07T19:09:45.469166+00:00,137.8,28,ask,,,11218500
2026-07-07T19:09:46.097839,2026-07-07T19:09:46.107309+00:00,137.8,11,ask,,,11218506
2026-07-07T19:09:47.406703,2026-07-07T19:09:47.415867+00:00,137.8,12,ask,,,11218526
2026-07-07T19:09:47.565720,2026-07-07T19:09:47.577600+00:00,137.8,49,ask,,,11218532
2026-07-07T19:09:47.565720,2026-07-07T19:09:47.577600+00:00,137.7,1,ask,,,11218533
2026-07-07T19:09:48.714651,2026-07-07T19:09:48.724545+00:00,137.6,12,bid,,,11218550
2026-07-07T19:09:49.674946,2026-07-07T19:09:49.687165+00:00,137.5,12,ask,,,11218568
2026-07-07T19:09:49.674946,2026-07-07T19:09:49.687165+00:00,137.2,38,ask,,,11218569
2026-07-07T19:09:50.964972,2026-07-07T19:09:50.973992+00:00,137.6,47,bid,,,11218593
2026-07-07T19:09:51.034380,2026-07-07T19:09:51.042791+00:00,137.4,12,ask,,,11218594
2026-07-07T19:09:51.789321,2026-07-07T19:09:51.798246+00:00,137.4,50,ask,,,11218613
2026-07-07T19:09:52.644279,2026-07-07T19:09:52.653117+00:00,137.5,23,bid,,,11218627
2026-07-07T19:09:52.727339,2026-07-07T19:09:52.734039+00:00,137.5,12,bid,,,11218632
2026-07-07T19:09:53.322980,2026-07-07T19:09:53.331157+00:00,137.4,46,ask,,,11218638
2026-07-07T19:09:53.895349,2026-07-07T19:09:53.906746+00:00,137.4,50,ask,,,11218647
2026-07-07T19:09:54.490319,2026-07-07T19:09:54.501049+00:00,137.4,11,bid,,,11218659
2026-07-07T19:09:55.045440,2026-07-07T19:09:55.058584+00:00,137.4,12,bid,,,11218671
2026-07-07T19:09:55.311530,2026-07-07T19:09:55.320396+00:00,137.4,12,bid,,,11218674
2026-07-07T19:09:56.012817,2026-07-07T19:09:56.024415+00:00,137.3,50,ask,,,11218696
2026-07-07T19:09:57.176666,2026-07-07T19:09:57.185467+00:00,137.4,11,bid,,,11218708
2026-07-07T19:09:58.139620,2026-07-07T19:09:58.151386+00:00,137.3,50,ask,,,11218724
2026-07-07T19:09:59.715081,2026-07-07T19:09:59.726656+00:00,137.7,48,bid,,,11218747
2026-07-07T19:10:00.249548,2026-07-07T19:10:00.259460+00:00,137.3,50,ask,,,11218767
2026-07-07T19:10:00.925240,2026-07-07T19:10:00.934609+00:00,137.5,12,ask,,,11218778
2026-07-07T19:10:00.925240,2026-07-07T19:10:00.934609+00:00,137.4,34,ask,,,11218779
2026-07-07T19:10:01.941237,2026-07-07T19:10:01.950254+00:00,137.6,40,bid,,,11218792
2026-07-07T19:10:02.355700,2026-07-07T19:10:02.349299+00:00,137.4,50,ask,,,11218805
2026-07-07T19:10:03.569657,2026-07-07T19:10:03.576821+00:00,137.5,12,ask,,,11218824
2026-07-07T19:10:03.569657,2026-07-07T19:10:03.582284+00:00,137.4,28,ask,,,11218825
2026-07-07T19:10:04.430362,2026-07-07T19:10:04.438155+00:00,137.3,12,bid,,,11218840
2026-07-07T19:10:04.464926,2026-07-07T19:10:04.478742+00:00,137.1,50,ask,,,11218843
2026-07-07T19:10:04.470362,2026-07-07T19:10:04.478742+00:00,137.3,29,bid,,,11218844
2026-07-07T19:10:04.654453,2026-07-07T19:10:04.666222+00:00,137.3,44,bid,,,11218849
2026-07-07T19:10:04.972166,2026-07-07T19:10:04.979083+00:00,137.3,12,bid,,,11218855
2026-07-07T19:10:05.753805,2026-07-07T19:10:05.758570+00:00,137.3,9,bid,,,11218866
2026-07-07T19:10:06.572222,2026-07-07T19:10:06.584117+00:00,137.1,50,ask,,,11218883
2026-07-07T19:10:07.159516,2026-07-07T19:10:07.170067+00:00,137.5,6,ask,,,11218899
2026-07-07T19:10:07.382020,2026-07-07T19:10:07.394978+00:00,137.5,44,ask,,,11218903
2026-07-07T19:10:07.442420,2026-07-07T19:10:07.454173+00:00,137.5,100,ask,,,11218904
2026-07-07T19:10:08.679847,2026-07-07T19:10:08.691372+00:00,137.0,50,ask,,,11218919
2026-07-07T19:10:10.786700,2026-07-07T19:10:10.798614+00:00,137.2,50,ask,,,11218951
2026-07-07T19:10:12.906042,2026-07-07T19:10:12.914801+00:00,137.2,50,ask,,,11218978
2026-07-07T19:10:15.012871,2026-07-07T19:10:15.024690+00:00,137.0,50,ask,,,11219017
2026-07-07T19:10:16.703622,2026-07-07T19:10:16.715098+00:00,137.0,6,bid,,,11219035
2026-07-07T19:10:19.173057,2026-07-07T19:10:19.184929+00:00,137.0,50,bid,,,11219075
2026-07-07T19:10:21.933203,2026-07-07T19:10:21.947239+00:00,137.0,49,bid,,,11219114
2026-07-07T19:10:23.406022,2026-07-07T19:10:23.418472+00:00,137.2,50,bid,,,11219136
2026-07-07T19:10:24.947906,2026-07-07T19:10:24.955861+00:00,137.2,48,bid,,,11219160
2026-07-07T19:10:25.513141,2026-07-07T19:10:25.524761+00:00,137.2,50,bid,,,11219173
2026-07-07T19:10:26.115438,2026-07-07T19:10:26.127201+00:00,137.3,100,bid,,,11219180
2026-07-07T19:10:26.150406,2026-07-07T19:10:26.159024+00:00,137.4,6,ask,,,11219181
2026-07-07T19:10:26.780376,2026-07-07T19:10:26.789981+00:00,137.4,11,ask,,,11219188
2026-07-07T19:10:27.632276,2026-07-07T19:10:27.644485+00:00,137.7,50,bid,,,11219202
2026-07-07T19:10:29.164652,2026-07-07T19:10:29.176307+00:00,137.4,33,ask,,,11219216
2026-07-07T19:10:29.164652,2026-07-07T19:10:29.176307+00:00,137.2,16,ask,,,11219217
2026-07-07T19:10:29.344011,2026-07-07T19:10:29.368586+00:00,137.2,84,ask,,,11219220
2026-07-07T19:10:29.359442,2026-07-07T19:10:29.368586+00:00,137.2,11,bid,,,11219221
2026-07-07T19:10:29.729048,2026-07-07T19:10:29.735949+00:00,137.2,45,bid,,,11219224
2026-07-07T19:10:29.763002,2026-07-07T19:10:29.770327+00:00,137.2,10,bid,,,11219225
2026-07-07T19:10:29.763002,2026-07-07T19:10:29.775537+00:00,137.5,40,bid,,,11219226
2026-07-07T19:10:30.996706,2026-07-07T19:10:31.008386+00:00,137.5,45,bid,,,11219253
2026-07-07T19:10:33.978198,2026-07-07T19:10:33.985807+00:00,137.7,50,bid,,,11219295
2026-07-07T19:10:34.865770,2026-07-07T19:10:34.877579+00:00,137.3,42,ask,,,11219311
2026-07-07T19:10:35.946365,2026-07-07T19:10:35.955972+00:00,137.6,11,ask,,,11219324
2026-07-07T19:10:36.086012,2026-07-07T19:10:36.097798+00:00,137.9,50,bid,,,11219328
2026-07-07T19:10:37.259592,2026-07-07T19:10:37.270920+00:00,137.6,12,ask,,,11219342
2026-07-07T19:10:38.193303,2026-07-07T19:10:38.205286+00:00,137.9,50,bid,,,11219353
2026-07-07T19:10:39.875190,2026-07-07T19:10:39.885318+00:00,137.6,11,ask,,,11219373
2026-07-07T19:10:40.361371,2026-07-07T19:10:40.373907+00:00,137.6,50,ask,,,11219381
2026-07-07T19:10:40.690365,2026-07-07T19:10:40.700685+00:00,137.6,40,ask,,,11219387
2026-07-07T19:10:41.211520,2026-07-07T19:10:41.220197+00:00,137.6,41,ask,,,11219396
2026-07-07T19:10:44.532295,2026-07-07T19:10:44.558742+00:00,137.5,50,bid,,,11219447
2026-07-07T19:10:46.638929,2026-07-07T19:10:46.650679+00:00,137.6,50,bid,,,11219474
2026-07-07T19:10:50.852641,2026-07-07T19:10:50.864097+00:00,137.6,50,bid,,,11219529
2026-07-07T19:10:52.567954,2026-07-07T19:10:52.574550+00:00,137.3,44,ask,,,11219561
2026-07-07T19:10:53.011214,2026-07-07T19:10:53.022774+00:00,137.3,50,ask,,,11219567
2026-07-07T19:10:55.118153,2026-07-07T19:10:55.130098+00:00,137.4,50,ask,,,11219611
2026-07-07T19:10:55.992490,2026-07-07T19:10:56.004068+00:00,137.5,40,bid,,,11219620
2026-07-07T19:10:57.225460,2026-07-07T19:10:57.237366+00:00,137.4,50,ask,,,11219640
2026-07-07T19:10:59.281854,2026-07-07T19:10:59.293571+00:00,137.6,50,bid,,,11219678
2026-07-07T19:11:01.394745,2026-07-07T19:11:01.406094+00:00,137.7,50,bid,,,11219715
2026-07-07T19:11:03.500877,2026-07-07T19:11:03.512285+00:00,137.7,50,bid,,,11219745
2026-07-07T19:11:04.104078,2026-07-07T19:11:04.116034+00:00,137.7,12,bid,,,11219755
2026-07-07T19:11:04.104078,2026-07-07T19:11:04.116034+00:00,137.7,100,bid,,,11219756
2026-07-07T19:11:04.170331,2026-07-07T19:11:04.179444+00:00,137.7,11,ask,,,11219759
2026-07-07T19:11:04.920281,2026-07-07T19:11:04.929885+00:00,137.7,27,ask,,,11219772
2026-07-07T19:11:05.608167,2026-07-07T19:11:05.619821+00:00,137.8,12,bid,,,11219784
2026-07-07T19:11:05.608167,2026-07-07T19:11:05.619821+00:00,137.9,38,bid,,,11219785
2026-07-07T19:11:07.717657,2026-07-07T19:11:07.729658+00:00,137.6,50,bid,,,11219821
2026-07-07T19:11:09.825917,2026-07-07T19:11:09.837748+00:00,137.6,50,bid,,,11219858
2026-07-07T19:11:10.810700,2026-07-07T19:11:10.822671+00:00,137.7,12,bid,,,11219872
2026-07-07T19:11:10.810700,2026-07-07T19:11:10.822671+00:00,137.9,31,bid,,,11219873
2026-07-07T19:11:11.933739,2026-07-07T19:11:11.945518+00:00,137.8,12,bid,,,11219892
2026-07-07T19:11:11.933739,2026-07-07T19:11:11.945518+00:00,137.9,38,bid,,,11219893
2026-07-07T19:11:12.366656,2026-07-07T19:11:12.378503+00:00,137.9,47,bid,,,11219901
2026-07-07T19:11:13.623301,2026-07-07T19:11:13.635293+00:00,137.8,35,ask,,,11219912
2026-07-07T19:11:13.998066,2026-07-07T19:11:14.011780+00:00,137.8,100,ask,,,11219920
2026-07-07T19:11:14.042387,2026-07-07T19:11:14.054152+00:00,138.2,12,bid,,,11219923
2026-07-07T19:11:14.042387,2026-07-07T19:11:14.054152+00:00,138.3,38,bid,,,11219924
2026-07-07T19:11:16.153899,2026-07-07T19:11:16.153298+00:00,138.3,50,bid,,,11219956
2026-07-07T19:11:18.264222,2026-07-07T19:11:18.273643+00:00,138.0,12,bid,,,11219985
2026-07-07T19:11:20.371701,2026-07-07T19:11:20.383617+00:00,138.0,12,bid,,,11220010
2026-07-07T19:11:20.371701,2026-07-07T19:11:20.383617+00:00,138.3,38,bid,,,11220011
2026-07-07T19:11:22.482957,2026-07-07T19:11:22.490978+00:00,138.2,12,bid,,,11220049
2026-07-07T19:11:22.482957,2026-07-07T19:11:22.490978+00:00,138.3,38,bid,,,11220050
2026-07-07T19:11:23.124858,2026-07-07T19:11:23.136928+00:00,138.3,100,bid,,,11220060
2026-07-07T19:11:23.188331,2026-07-07T19:11:23.197526+00:00,138.4,11,ask,,,11220064
2026-07-07T19:11:23.219142,2026-07-07T19:11:23.228670+00:00,138.4,3,ask,,,11220066
2026-07-07T19:11:24.126640,2026-07-07T19:11:24.138617+00:00,138.4,36,ask,,,11220077
2026-07-07T19:11:24.126640,2026-07-07T19:11:24.138617+00:00,138.3,9,ask,,,11220078
2026-07-07T19:11:24.590485,2026-07-07T19:11:24.602132+00:00,138.8,12,bid,,,11220082
2026-07-07T19:11:24.590485,2026-07-07T19:11:24.602132+00:00,138.8,38,bid,,,11220083
2026-07-07T19:11:26.342708,2026-07-07T19:11:26.351126+00:00,138.3,91,ask,,,11220117
2026-07-07T19:11:26.607005,2026-07-07T19:11:26.615100+00:00,138.2,12,bid,,,11220125
2026-07-07T19:11:26.716255,2026-07-07T19:11:26.724795+00:00,138.3,50,bid,,,11220127
2026-07-07T19:11:27.264143,2026-07-07T19:11:27.272825+00:00,138.2,41,ask,,,11220139
2026-07-07T19:11:27.925653,2026-07-07T19:11:27.932706+00:00,138.2,42,ask,,,11220150
2026-07-07T19:11:28.822413,2026-07-07T19:11:28.834120+00:00,138.3,9,bid,,,11220160
2026-07-07T19:11:28.822413,2026-07-07T19:11:28.834120+00:00,138.7,41,bid,,,11220161
2026-07-07T19:11:28.956348,2026-07-07T19:11:28.968121+00:00,138.7,46,bid,,,11220164
2026-07-07T19:11:30.935825,2026-07-07T19:11:30.947577+00:00,138.4,10,bid,,,11220189
2026-07-07T19:11:30.935825,2026-07-07T19:11:30.958544+00:00,138.5,40,bid,,,11220190
2026-07-07T19:11:31.979173,2026-07-07T19:11:31.990677+00:00,138.2,41,ask,,,11220208
2026-07-07T19:11:32.594872,2026-07-07T19:11:32.606452+00:00,138.0,47,ask,,,11220220
2026-07-07T19:11:33.044187,2026-07-07T19:11:33.055727+00:00,138.3,50,bid,,,11220223
2026-07-07T19:11:35.180233,2026-07-07T19:11:35.190989+00:00,138.3,50,bid,,,11220254
2026-07-07T19:11:35.619757,2026-07-07T19:11:35.626467+00:00,138.4,46,bid,,,11220260
2026-07-07T19:11:37.287380,2026-07-07T19:11:37.296273+00:00,138.5,50,bid,,,11220286
2026-07-07T19:11:37.552913,2026-07-07T19:11:37.564579+00:00,138.5,43,bid,,,11220293
2026-07-07T19:11:38.959516,2026-07-07T19:11:38.968537+00:00,138.4,3,ask,,,11220319
2026-07-07T19:11:39.451258,2026-07-07T19:11:39.457545+00:00,138.4,50,ask,,,11220326
2026-07-07T19:11:40.276860,2026-07-07T19:11:40.287487+00:00,138.4,11,ask,,,11220337
2026-07-07T19:11:41.507155,2026-07-07T19:11:41.518661+00:00,138.5,50,bid,,,11220358
2026-07-07T19:11:41.837411,2026-07-07T19:11:41.851916+00:00,138.5,45,bid,,,11220361
2026-07-07T19:11:43.679568,2026-07-07T19:11:43.689705+00:00,138.4,50,ask,,,11220392
2026-07-07T19:11:45.529937,2026-07-07T19:11:45.536754+00:00,138.4,41,ask,,,11220423
2026-07-07T19:11:45.785760,2026-07-07T19:11:45.797441+00:00,138.2,50,ask,,,11220428
2026-07-07T19:11:47.906502,2026-07-07T19:11:47.915682+00:00,138.2,50,ask,,,11220460
2026-07-07T19:11:48.831377,2026-07-07T19:11:48.841181+00:00,138.4,11,bid,,,11220469
2026-07-07T19:11:50.014837,2026-07-07T19:11:50.026705+00:00,138.1,50,ask,,,11220498
2026-07-07T19:11:50.335892,2026-07-07T19:11:50.344509+00:00,138.4,48,bid,,,11220504
2026-07-07T19:11:52.072075,2026-07-07T19:11:52.079671+00:00,138.3,50,bid,,,11220517
2026-07-07T19:11:52.229691,2026-07-07T19:11:52.238872+00:00,138.3,3,bid,,,11220521
2026-07-07T19:11:52.266938,2026-07-07T19:11:52.278372+00:00,138.3,47,bid,,,11220524
2026-07-07T19:11:52.752084,2026-07-07T19:11:52.759998+00:00,138.0,41,ask,,,11220531
2026-07-07T19:11:54.252768,2026-07-07T19:11:54.264273+00:00,138.0,50,ask,,,11220553
2026-07-07T19:11:55.159343,2026-07-07T19:11:55.174344+00:00,138.3,100,ask,,,11220565
2026-07-07T19:11:56.309840,2026-07-07T19:11:56.321617+00:00,138.8,50,bid,,,11220575
2026-07-07T19:11:57.181989,2026-07-07T19:11:57.193531+00:00,138.3,45,ask,,,11220591
2026-07-07T19:11:58.153462,2026-07-07T19:11:58.153756+00:00,138.5,42,bid,,,11220603
2026-07-07T19:12:00.548636,2026-07-07T19:12:00.558559+00:00,138.5,50,bid,,,11220645
2026-07-07T19:12:02.663672,2026-07-07T19:12:02.675478+00:00,138.8,50,bid,,,11220670
2026-07-07T19:12:04.772861,2026-07-07T19:12:04.783082+00:00,139.0,50,bid,,,11220710
2026-07-07T19:12:05.190919,2026-07-07T19:12:05.201616+00:00,138.5,3,ask,,,11220716
2026-07-07T19:12:06.880567,2026-07-07T19:12:06.912828+00:00,139.0,50,bid,,,11220751
2026-07-07T19:12:07.288174,2026-07-07T19:12:07.297020+00:00,138.5,48,ask,,,11220757
2026-07-07T19:12:08.906728,2026-07-07T19:12:08.918449+00:00,138.7,45,ask,,,11220782
2026-07-07T19:12:09.038899,2026-07-07T19:12:09.050700+00:00,138.7,50,ask,,,11220784
2026-07-07T19:12:11.096771,2026-07-07T19:12:11.105979+00:00,138.8,50,bid,,,11220827
2026-07-07T19:12:12.174888,2026-07-07T19:12:12.181506+00:00,138.8,45,bid,,,11220839
2026-07-07T19:12:13.203974,2026-07-07T19:12:13.215798+00:00,138.8,50,bid,,,11220851
2026-07-07T19:12:13.611453,2026-07-07T19:12:13.619007+00:00,138.4,45,ask,,,11220858
2026-07-07T19:12:13.753624,2026-07-07T19:12:13.761220+00:00,138.9,100,bid,,,11220861
2026-07-07T19:12:13.815455,2026-07-07T19:12:13.825634+00:00,139.0,23,ask,,,11220862
2026-07-07T19:12:14.173297,2026-07-07T19:12:14.180127+00:00,139.0,27,ask,,,11220865
2026-07-07T19:12:15.314092,2026-07-07T19:12:15.325901+00:00,139.2,50,bid,,,11220873
2026-07-07T19:12:15.854938,2026-07-07T19:12:15.866449+00:00,139.2,42,bid,,,11220885
2026-07-07T19:12:16.540824,2026-07-07T19:12:16.552475+00:00,139.2,8,bid,,,11220896
2026-07-07T19:12:17.246252,2026-07-07T19:12:17.258567+00:00,138.9,100,bid,,,11220906
2026-07-07T19:12:19.178155,2026-07-07T19:12:19.189901+00:00,138.9,41,bid,,,11220927
2026-07-07T19:12:21.296966,2026-07-07T19:12:21.305984+00:00,138.9,11,ask,,,11220956
2026-07-07T19:12:21.684618,2026-07-07T19:12:21.689122+00:00,138.9,50,ask,,,11220965
2026-07-07T19:12:22.877766,2026-07-07T19:12:22.889830+00:00,138.9,4,ask,,,11220975
2026-07-07T19:12:23.796245,2026-07-07T19:12:23.803489+00:00,138.5,50,ask,,,11220990
2026-07-07T19:12:27.482387,2026-07-07T19:12:27.493547+00:00,138.8,11,bid,,,11221033
2026-07-07T19:12:27.894110,2026-07-07T19:12:27.905726+00:00,138.8,42,bid,,,11221036
2026-07-07T19:12:28.007377,2026-07-07T19:12:28.018855+00:00,138.5,50,ask,,,11221039
2026-07-07T19:12:28.479101,2026-07-07T19:12:28.489886+00:00,138.5,45,ask,,,11221045
2026-07-07T19:12:29.084348,2026-07-07T19:12:29.095700+00:00,138.8,41,bid,,,11221054
2026-07-07T19:12:30.115708,2026-07-07T19:12:30.127067+00:00,138.8,50,ask,,,11221077
2026-07-07T19:12:32.228949,2026-07-07T19:12:32.240422+00:00,138.8,50,ask,,,11221106
2026-07-07T19:12:32.671458,2026-07-07T19:12:32.683083+00:00,138.8,4,ask,,,11221116
2026-07-07T19:12:34.347939,2026-07-07T19:12:34.359292+00:00,138.3,50,ask,,,11221147
2026-07-07T19:12:35.990726,2026-07-07T19:12:36.007624+00:00,138.6,12,bid,,,11221173
2026-07-07T19:12:36.348867,2026-07-07T19:12:36.358558+00:00,138.3,43,ask,,,11221184
2026-07-07T19:12:36.454139,2026-07-07T19:12:36.458563+00:00,138.3,50,ask,,,11221187
2026-07-07T19:12:37.806777,2026-07-07T19:12:37.814690+00:00,138.3,7,ask,,,11221211
2026-07-07T19:12:37.806777,2026-07-07T19:12:37.820103+00:00,138.1,35,ask,,,11221212
2026-07-07T19:12:38.563348,2026-07-07T19:12:38.573924+00:00,138.1,50,ask,,,11221221
2026-07-07T19:12:38.930249,2026-07-07T19:12:38.941857+00:00,138.6,43,bid,,,11221233
2026-07-07T19:12:40.588395,2026-07-07T19:12:40.600754+00:00,138.6,11,bid,,,11221262
2026-07-07T19:12:40.670182,2026-07-07T19:12:40.681533+00:00,138.3,50,ask,,,11221268
2026-07-07T19:12:41.641544,2026-07-07T19:12:41.653007+00:00,138.6,42,bid,,,11221282
2026-07-07T19:12:41.896615,2026-07-07T19:12:41.906272+00:00,138.6,3,bid,,,11221287
2026-07-07T19:12:42.776409,2026-07-07T19:12:42.785181+00:00,138.2,50,ask,,,11221299
2026-07-07T19:12:43.232230,2026-07-07T19:12:43.242093+00:00,138.4,3,bid,,,11221313
2026-07-07T19:12:43.865778,2026-07-07T19:12:43.877603+00:00,138.2,44,ask,,,11221321
2026-07-07T19:12:44.894581,2026-07-07T19:12:44.906481+00:00,138.2,6,ask,,,11221333
2026-07-07T19:12:44.894581,2026-07-07T19:12:44.906481+00:00,138.0,12,ask,,,11221334
2026-07-07T19:12:44.894581,2026-07-07T19:12:44.906481+00:00,137.9,32,ask,,,11221335
2026-07-07T19:12:45.666182,2026-07-07T19:12:45.675532+00:00,138.5,4,bid,,,11221353
2026-07-07T19:12:47.006703,2026-07-07T19:12:47.018081+00:00,138.2,50,ask,,,11221370
2026-07-07T19:12:47.024363,2026-07-07T19:12:47.035743+00:00,138.5,45,bid,,,11221372
2026-07-07T19:12:47.623485,2026-07-07T19:12:47.635319+00:00,138.2,49,ask,,,11221377
2026-07-07T19:12:48.475874,2026-07-07T19:12:48.484973+00:00,138.4,11,bid,,,11221400
2026-07-07T19:12:48.711315,2026-07-07T19:12:48.723482+00:00,138.5,1,bid,,,11221408
2026-07-07T19:12:48.711315,2026-07-07T19:12:48.723482+00:00,138.7,48,bid,,,11221409
2026-07-07T19:12:49.113980,2026-07-07T19:12:49.131277+00:00,138.3,50,ask,,,11221414
2026-07-07T19:12:49.185669,2026-07-07T19:12:49.197291+00:00,138.7,45,bid,,,11221416
2026-07-07T19:12:50.347788,2026-07-07T19:12:50.359320+00:00,138.3,48,ask,,,11221431
2026-07-07T19:12:50.860843,2026-07-07T19:12:50.872564+00:00,138.7,42,bid,,,11221437
2026-07-07T19:12:51.221637,2026-07-07T19:12:51.230515+00:00,138.3,50,ask,,,11221444
2026-07-07T19:12:51.826096,2026-07-07T19:12:51.837046+00:00,138.2,100,ask,,,11221447
2026-07-07T19:12:51.826096,2026-07-07T19:12:51.837046+00:00,138.2,12,ask,,,11221448
2026-07-07T19:12:51.839723,2026-07-07T19:12:51.850350+00:00,138.2,35,bid,,,11221449
2026-07-07T19:12:52.049424,2026-07-07T19:12:52.058614+00:00,138.2,3,bid,,,11221454
2026-07-07T19:12:52.602346,2026-07-07T19:12:52.609747+00:00,138.2,43,ask,,,11221465
2026-07-07T19:12:53.353169,2026-07-07T19:12:53.364647+00:00,138.2,50,ask,,,11221478
2026-07-07T19:12:55.029353,2026-07-07T19:12:55.040378+00:00,138.5,12,ask,,,11221509
2026-07-07T19:12:55.271612,2026-07-07T19:12:55.283053+00:00,138.5,100,ask,,,11221518
2026-07-07T19:12:55.461760,2026-07-07T19:12:55.468624+00:00,138.5,38,ask,,,11221520
2026-07-07T19:12:55.461760,2026-07-07T19:12:55.473845+00:00,137.9,12,ask,,,11221521
2026-07-07T19:12:57.611375,2026-07-07T19:12:57.623212+00:00,138.0,12,ask,,,11221564
2026-07-07T19:12:57.611375,2026-07-07T19:12:57.623212+00:00,137.9,38,ask,,,11221565
2026-07-07T19:12:57.832729,2026-07-07T19:12:57.844416+00:00,138.9,12,bid,,,11221572
2026-07-07T19:12:58.171254,2026-07-07T19:12:58.180142+00:00,138.3,12,bid,,,11221582
2026-07-07T19:12:58.760584,2026-07-07T19:12:58.771188+00:00,138.3,4,bid,,,11221592
2026-07-07T19:12:58.827066,2026-07-07T19:12:58.838605+00:00,138.3,49,bid,,,11221595
2026-07-07T19:12:59.025343,2026-07-07T19:12:59.036035+00:00,138.3,12,bid,,,11221598
2026-07-07T19:12:59.721860,2026-07-07T19:12:59.733504+00:00,138.2,12,ask,,,11221605
2026-07-07T19:12:59.721860,2026-07-07T19:12:59.733504+00:00,138.1,38,ask,,,11221606
2026-07-07T19:13:00.293890,2026-07-07T19:13:00.304394+00:00,138.3,11,bid,,,11221616
2026-07-07T19:13:01.391200,2026-07-07T19:13:01.402938+00:00,138.4,12,ask,,,11221635
2026-07-07T19:13:01.391200,2026-07-07T19:13:01.402938+00:00,138.3,35,ask,,,11221636
2026-07-07T19:13:05.525023,2026-07-07T19:13:05.536618+00:00,138.8,44,bid,,,11221703
2026-07-07T19:13:06.017602,2026-07-07T19:13:06.027710+00:00,138.8,50,bid,,,11221710
2026-07-07T19:13:09.924212,2026-07-07T19:13:09.930974+00:00,138.6,12,ask,,,11221757
2026-07-07T19:13:09.924212,2026-07-07T19:13:09.936352+00:00,138.6,28,ask,,,11221758
2026-07-07T19:13:10.255919,2026-07-07T19:13:10.266484+00:00,138.9,12,bid,,,11221766
2026-07-07T19:13:10.255919,2026-07-07T19:13:10.266484+00:00,138.9,38,bid,,,11221767
2026-07-07T19:13:10.798104,2026-07-07T19:13:10.807216+00:00,138.6,11,ask,,,11221778
2026-07-07T19:13:11.355486,2026-07-07T19:13:11.367219+00:00,138.8,48,bid,,,11221785
2026-07-07T19:13:12.373574,2026-07-07T19:13:12.383764+00:00,138.8,50,bid,,,11221803
2026-07-07T19:13:13.195213,2026-07-07T19:13:13.205390+00:00,138.8,2,bid,,,11221814
2026-07-07T19:13:13.419775,2026-07-07T19:13:13.430618+00:00,138.8,10,ask,,,11221817
2026-07-07T19:13:14.505141,2026-07-07T19:13:14.520498+00:00,138.9,12,bid,,,11221833
2026-07-07T19:13:14.505141,2026-07-07T19:13:14.520498+00:00,139.0,38,bid,,,11221834
2026-07-07T19:13:15.367368,2026-07-07T19:13:15.375056+00:00,138.7,41,ask,,,11221847
2026-07-07T19:13:15.962939,2026-07-07T19:13:15.970592+00:00,138.7,40,ask,,,11221862
2026-07-07T19:13:16.316994,2026-07-07T19:13:16.326662+00:00,138.7,2,ask,,,11221867
2026-07-07T19:13:16.616198,2026-07-07T19:13:16.628052+00:00,139.0,50,bid,,,11221871
2026-07-07T19:13:17.021981,2026-07-07T19:13:17.030892+00:00,138.7,11,ask,,,11221880
2026-07-07T19:13:18.459418,2026-07-07T19:13:18.468917+00:00,138.6,43,ask,,,11221902
2026-07-07T19:13:18.726370,2026-07-07T19:13:18.739000+00:00,138.7,50,bid,,,11221915
2026-07-07T19:13:19.500546,2026-07-07T19:13:19.512370+00:00,138.7,48,bid,,,11221928
2026-07-07T19:13:20.046457,2026-07-07T19:13:20.058560+00:00,138.6,45,ask,,,11221937
2026-07-07T19:13:20.841293,2026-07-07T19:13:20.850399+00:00,138.9,12,bid,,,11221950
2026-07-07T19:13:20.841293,2026-07-07T19:13:20.850399+00:00,138.9,38,bid,,,11221951
2026-07-07T19:13:22.977649,2026-07-07T19:13:22.989529+00:00,138.9,50,bid,,,11221974
2026-07-07T19:13:23.915823,2026-07-07T19:13:23.924690+00:00,138.8,12,ask,,,11221992
2026-07-07T19:13:25.085719,2026-07-07T19:13:25.097544+00:00,138.9,12,bid,,,11222010
2026-07-07T19:13:25.085719,2026-07-07T19:13:25.097544+00:00,139.2,38,bid,,,11222011
2026-07-07T19:13:25.229357,2026-07-07T19:13:25.239514+00:00,138.8,14,ask,,,11222015
2026-07-07T19:13:25.239577,2026-07-07T19:13:25.254964+00:00,139.1,12,bid,,,11222017
2026-07-07T19:13:25.239577,2026-07-07T19:13:25.254964+00:00,139.2,35,bid,,,11222018
2026-07-07T19:13:26.636930,2026-07-07T19:13:26.663600+00:00,138.7,100,ask,,,11222030
2026-07-07T19:13:26.653990,2026-07-07T19:13:26.663600+00:00,138.7,3,bid,,,11222031
2026-07-07T19:13:27.196900,2026-07-07T19:13:27.208617+00:00,138.7,47,bid,,,11222036
2026-07-07T19:13:27.196900,2026-07-07T19:13:27.208617+00:00,138.7,3,bid,,,11222037
2026-07-07T19:13:28.494799,2026-07-07T19:13:28.506635+00:00,138.5,12,ask,,,11222053
2026-07-07T19:13:28.494799,2026-07-07T19:13:28.506635+00:00,138.4,32,ask,,,11222054
2026-07-07T19:13:29.132730,2026-07-07T19:13:29.149775+00:00,138.8,9,bid,,,11222064
2026-07-07T19:13:29.132730,2026-07-07T19:13:29.149775+00:00,138.9,37,bid,,,11222065
2026-07-07T19:13:29.305219,2026-07-07T19:13:29.317380+00:00,138.9,50,bid,,,11222067
2026-07-07T19:13:29.746754,2026-07-07T19:13:29.756789+00:00,138.8,12,bid,,,11222076
2026-07-07T19:13:29.746754,2026-07-07T19:13:29.756789+00:00,138.9,13,bid,,,11222077
2026-07-07T19:13:29.814769,2026-07-07T19:13:29.824071+00:00,139.1,3,ask,,,11222080
2026-07-07T19:13:30.103014,2026-07-07T19:13:30.113109+00:00,139.1,100,ask,,,11222090
2026-07-07T19:13:31.413614,2026-07-07T19:13:31.425056+00:00,139.6,50,bid,,,11222110
2026-07-07T19:13:33.520473,2026-07-07T19:13:33.527287+00:00,139.2,50,bid,,,11222152
2026-07-07T19:13:35.628027,2026-07-07T19:13:35.648734+00:00,139.2,50,bid,,,11222174
2026-07-07T19:13:36.436977,2026-07-07T19:13:36.445920+00:00,139.2,3,ask,,,11222186
2026-07-07T19:13:36.653785,2026-07-07T19:13:36.665258+00:00,139.2,42,ask,,,11222188
2026-07-07T19:13:37.746197,2026-07-07T19:13:37.758568+00:00,139.5,50,bid,,,11222204
2026-07-07T19:13:38.300542,2026-07-07T19:13:38.312419+00:00,139.2,48,ask,,,11222211
2026-07-07T19:13:39.853835,2026-07-07T19:13:39.868696+00:00,139.2,50,bid,,,11222244
2026-07-07T19:13:41.991938,2026-07-07T19:13:42.003720+00:00,139.2,50,bid,,,11222277
2026-07-07T19:13:43.582017,2026-07-07T19:13:43.593211+00:00,139.2,11,ask,,,11222295
2026-07-07T19:13:44.099447,2026-07-07T19:13:44.108905+00:00,139.6,50,bid,,,11222310
2026-07-07T19:13:44.607486,2026-07-07T19:13:44.618805+00:00,139.2,4,ask,,,11222319
2026-07-07T19:13:44.846415,2026-07-07T19:13:44.858585+00:00,139.6,48,bid,,,11222323
2026-07-07T19:13:44.900467,2026-07-07T19:13:44.911954+00:00,139.2,42,ask,,,11222325
2026-07-07T19:13:46.204096,2026-07-07T19:13:46.215427+00:00,139.3,23,ask,,,11222337
2026-07-07T19:13:46.214612,2026-07-07T19:13:46.235741+00:00,139.4,50,bid,,,11222339
2026-07-07T19:13:47.868787,2026-07-07T19:13:47.880400+00:00,139.3,4,ask,,,11222362
2026-07-07T19:13:48.328332,2026-07-07T19:13:48.339872+00:00,139.4,50,bid,,,11222367
2026-07-07T19:13:48.554961,2026-07-07T19:13:48.557588+00:00,139.4,49,bid,,,11222376
2026-07-07T19:13:49.764841,2026-07-07T19:13:49.775082+00:00,139.4,12,ask,,,11222390
2026-07-07T19:13:50.145092,2026-07-07T19:13:50.164904+00:00,139.4,22,ask,,,11222397
2026-07-07T19:13:50.452829,2026-07-07T19:13:50.464693+00:00,139.6,50,bid,,,11222403
2026-07-07T19:13:51.150764,2026-07-07T19:13:51.163635+00:00,139.4,4,ask,,,11222417
2026-07-07T19:13:51.756270,2026-07-07T19:13:51.767875+00:00,139.4,46,ask,,,11222426
2026-07-07T19:13:52.561178,2026-07-07T19:13:52.572731+00:00,139.4,50,bid,,,11222433
2026-07-07T19:13:52.673158,2026-07-07T19:13:52.682583+00:00,139.4,11,bid,,,11222438
2026-07-07T19:13:54.668930,2026-07-07T19:13:54.680524+00:00,139.4,50,bid,,,11222475
2026-07-07T19:13:56.828513,2026-07-07T19:13:56.842258+00:00,139.3,50,ask,,,11222511
2026-07-07T19:13:57.492978,2026-07-07T19:13:57.500404+00:00,139.3,49,ask,,,11222520
2026-07-07T19:13:57.693197,2026-07-07T19:13:57.704664+00:00,139.3,4,ask,,,11222525
2026-07-07T19:13:58.937197,2026-07-07T19:13:58.948812+00:00,139.1,50,ask,,,11222546
2026-07-07T19:13:59.038018,2026-07-07T19:13:59.048333+00:00,139.3,41,bid,,,11222548
2026-07-07T19:14:00.950612,2026-07-07T19:14:00.958532+00:00,139.1,4,ask,,,11222574
2026-07-07T19:14:01.734438,2026-07-07T19:14:01.746026+00:00,139.1,46,ask,,,11222582
2026-07-07T19:14:02.266943,2026-07-07T19:14:02.278360+00:00,139.5,43,bid,,,11222589
2026-07-07T19:14:03.146827,2026-07-07T19:14:03.147642+00:00,139.1,50,ask,,,11222611
2026-07-07T19:14:03.250286,2026-07-07T19:14:03.259310+00:00,139.5,11,bid,,,11222612
2026-07-07T19:14:04.559405,2026-07-07T19:14:04.572352+00:00,139.5,12,bid,,,11222635
2026-07-07T19:14:04.879735,2026-07-07T19:14:04.886364+00:00,139.5,100,bid,,,11222637
2026-07-07T19:14:06.716451,2026-07-07T19:14:06.725643+00:00,139.5,40,bid,,,11222661
2026-07-07T19:14:07.725096,2026-07-07T19:14:07.734671+00:00,139.6,12,ask,,,11222687
2026-07-07T19:14:08.865333,2026-07-07T19:14:08.876821+00:00,139.6,45,ask,,,11222708
2026-07-07T19:14:09.461557,2026-07-07T19:14:09.473542+00:00,139.6,50,ask,,,11222716
2026-07-07T19:14:10.373243,2026-07-07T19:14:10.384959+00:00,139.7,49,bid,,,11222731
2026-07-07T19:14:12.315178,2026-07-07T19:14:12.326579+00:00,139.6,40,ask,,,11222768
2026-07-07T19:14:12.970144,2026-07-07T19:14:12.981983+00:00,139.9,48,bid,,,11222773
2026-07-07T19:14:13.675191,2026-07-07T19:14:13.683517+00:00,139.6,50,ask,,,11222781
2026-07-07T19:14:14.094902,2026-07-07T19:14:14.103269+00:00,139.4,100,ask,,,11222787
2026-07-07T19:14:14.104611,2026-07-07T19:14:14.114696+00:00,139.4,23,bid,,,11222788
2026-07-07T19:14:15.375625,2026-07-07T19:14:15.387437+00:00,139.4,27,bid,,,11222800
2026-07-07T19:14:17.105907,2026-07-07T19:14:17.113905+00:00,139.3,42,ask,,,11222831
2026-07-07T19:14:17.286399,2026-07-07T19:14:17.297949+00:00,139.6,4,ask,,,11222835
2026-07-07T19:14:17.595358,2026-07-07T19:14:17.602647+00:00,139.6,43,ask,,,11222840
2026-07-07T19:14:17.889575,2026-07-07T19:14:17.901084+00:00,139.6,50,ask,,,11222843
2026-07-07T19:14:19.595681,2026-07-07T19:14:19.607266+00:00,139.7,42,bid,,,11222871
2026-07-07T19:14:19.997405,2026-07-07T19:14:20.004184+00:00,139.6,50,ask,,,11222878
2026-07-07T19:14:22.107312,2026-07-07T19:14:22.119285+00:00,139.5,50,ask,,,11222904
2026-07-07T19:14:22.174465,2026-07-07T19:14:22.181664+00:00,139.6,49,bid,,,11222905
2026-07-07T19:14:24.091527,2026-07-07T19:14:24.102960+00:00,139.1,44,ask,,,11222929
2026-07-07T19:14:26.854489,2026-07-07T19:14:26.865956+00:00,139.1,42,ask,,,11222971
2026-07-07T19:14:28.182592,2026-07-07T19:14:28.190992+00:00,139.6,23,bid,,,11222983
2026-07-07T19:14:28.384512,2026-07-07T19:14:28.401500+00:00,139.6,50,bid,,,11222991
2026-07-07T19:14:28.437303,2026-07-07T19:14:28.448873+00:00,139.6,49,bid,,,11222993
2026-07-07T19:14:28.943323,2026-07-07T19:14:28.954944+00:00,139.6,28,bid,,,11222996
2026-07-07T19:14:28.943323,2026-07-07T19:14:28.954944+00:00,139.6,19,bid,,,11222997
2026-07-07T19:14:29.857624,2026-07-07T19:14:29.868963+00:00,139.6,81,bid,,,11223007
2026-07-07T19:14:29.923458,2026-07-07T19:14:29.932574+00:00,139.7,23,ask,,,11223008
2026-07-07T19:14:30.237343,2026-07-07T19:14:30.249250+00:00,139.7,4,ask,,,11223011
2026-07-07T19:14:30.549442,2026-07-07T19:14:30.558573+00:00,139.7,42,ask,,,11223014
2026-07-07T19:14:30.549442,2026-07-07T19:14:30.558573+00:00,139.5,8,ask,,,11223015
2026-07-07T19:14:32.382515,2026-07-07T19:14:32.394227+00:00,139.5,45,ask,,,11223030
2026-07-07T19:14:32.663322,2026-07-07T19:14:32.675151+00:00,139.5,47,ask,,,11223037
2026-07-07T19:14:32.663322,2026-07-07T19:14:32.675151+00:00,138.9,3,ask,,,11223038
2026-07-07T19:14:33.023204,2026-07-07T19:14:33.031443+00:00,139.2,45,ask,,,11223048
2026-07-07T19:14:33.685311,2026-07-07T19:14:33.695701+00:00,139.5,3,bid,,,11223054
2026-07-07T19:14:34.773797,2026-07-07T19:14:34.785789+00:00,139.2,50,ask,,,11223077
2026-07-07T19:14:36.259459,2026-07-07T19:14:36.270453+00:00,139.4,23,bid,,,11223100
2026-07-07T19:14:36.886740,2026-07-07T19:14:36.897271+00:00,139.3,50,ask,,,11223115
2026-07-07T19:14:38.993819,2026-07-07T19:14:39.005354+00:00,139.3,50,ask,,,11223153
2026-07-07T19:14:39.389629,2026-07-07T19:14:39.400995+00:00,139.8,46,bid,,,11223161
2026-07-07T19:14:40.529525,2026-07-07T19:14:40.541200+00:00,139.5,44,bid,,,11223179
2026-07-07T19:14:41.048608,2026-07-07T19:14:41.058564+00:00,139.5,50,bid,,,11223188
2026-07-07T19:14:41.136700,2026-07-07T19:14:41.148610+00:00,139.3,49,ask,,,11223190
2026-07-07T19:14:41.758107,2026-07-07T19:14:41.771418+00:00,139.5,49,bid,,,11223193
2026-07-07T19:14:42.613780,2026-07-07T19:14:42.622736+00:00,139.6,3,ask,,,11223219
2026-07-07T19:14:42.916942,2026-07-07T19:14:42.928034+00:00,139.6,100,ask,,,11223222
2026-07-07T19:14:43.207659,2026-07-07T19:14:43.219275+00:00,139.6,47,ask,,,11223226
2026-07-07T19:14:43.207659,2026-07-07T19:14:43.219275+00:00,139.0,3,ask,,,11223227
2026-07-07T19:14:45.319514,2026-07-07T19:14:45.327347+00:00,139.0,50,ask,,,11223256
2026-07-07T19:14:45.748461,2026-07-07T19:14:45.758212+00:00,139.4,3,bid,,,11223266
2026-07-07T19:14:47.082282,2026-07-07T19:14:47.094039+00:00,139.0,48,ask,,,11223280
2026-07-07T19:14:47.426623,2026-07-07T19:14:47.438264+00:00,139.0,50,ask,,,11223289
2026-07-07T19:14:49.534158,2026-07-07T19:14:49.545870+00:00,139.2,50,ask,,,11223327
2026-07-07T19:14:50.295990,2026-07-07T19:14:50.307369+00:00,139.6,46,bid,,,11223341
2026-07-07T19:14:50.914968,2026-07-07T19:14:50.924924+00:00,139.6,41,bid,,,11223347
2026-07-07T19:14:51.644481,2026-07-07T19:14:51.658583+00:00,139.2,50,ask,,,11223361
2026-07-07T19:14:52.092795,2026-07-07T19:14:52.122745+00:00,139.4,3,bid,,,11223369
2026-07-07T19:14:52.354116,2026-07-07T19:14:52.366015+00:00,139.4,100,bid,,,11223374
2026-07-07T19:14:53.750163,2026-07-07T19:14:53.758584+00:00,139.2,12,ask,,,11223393
2026-07-07T19:14:53.750163,2026-07-07T19:14:53.758584+00:00,138.9,38,ask,,,11223394
2026-07-07T19:14:55.861192,2026-07-07T19:14:55.868966+00:00,139.1,50,ask,,,11223424
2026-07-07T19:14:57.971830,2026-07-07T19:14:57.983688+00:00,139.1,50,ask,,,11223457
2026-07-07T19:14:58.394621,2026-07-07T19:14:58.403941+00:00,139.1,100,ask,,,11223462
2026-07-07T19:14:58.394621,2026-07-07T19:14:58.403941+00:00,139.1,12,ask,,,11223463
2026-07-07T19:14:58.410281,2026-07-07T19:14:58.418660+00:00,139.1,23,bid,,,11223466
2026-07-07T19:14:59.890661,2026-07-07T19:14:59.901516+00:00,139.1,4,bid,,,11223485
2026-07-07T19:15:00.079090,2026-07-07T19:15:00.090783+00:00,138.9,12,ask,,,11223487
2026-07-07T19:15:00.079090,2026-07-07T19:15:00.090783+00:00,138.7,38,ask,,,11223488
2026-07-07T19:15:01.894289,2026-07-07T19:15:01.901261+00:00,139.1,100,ask,,,11223516
2026-07-07T19:15:02.190796,2026-07-07T19:15:02.202477+00:00,139.1,50,ask,,,11223522
2026-07-07T19:15:03.221436,2026-07-07T19:15:03.232023+00:00,139.3,4,bid,,,11223539
2026-07-07T19:15:04.290644,2026-07-07T19:15:04.302812+00:00,139.0,12,ask,,,11223557
2026-07-07T19:15:04.290644,2026-07-07T19:15:04.302812+00:00,138.6,33,ask,,,11223558
2026-07-07T19:15:04.312977,2026-07-07T19:15:04.322079+00:00,138.6,50,ask,,,11223559
2026-07-07T19:15:04.788531,2026-07-07T19:15:04.800280+00:00,139.1,40,bid,,,11223566
2026-07-07T19:15:05.335048,2026-07-07T19:15:05.343592+00:00,138.7,41,ask,,,11223569
2026-07-07T19:15:06.420871,2026-07-07T19:15:06.430079+00:00,138.7,50,ask,,,11223594
2026-07-07T19:15:06.552506,2026-07-07T19:15:06.562054+00:00,139.1,4,bid,,,11223597
2026-07-07T19:15:07.060187,2026-07-07T19:15:07.071878+00:00,139.1,42,bid,,,11223599
2026-07-07T19:15:07.475159,2026-07-07T19:15:07.485070+00:00,139.1,12,bid,,,11223609
2026-07-07T19:15:08.221605,2026-07-07T19:15:08.233615+00:00,138.8,12,ask,,,11223622
2026-07-07T19:15:08.221605,2026-07-07T19:15:08.233615+00:00,138.7,88,ask,,,11223623
2026-07-07T19:15:08.527571,2026-07-07T19:15:08.538995+00:00,138.7,50,ask,,,11223632
2026-07-07T19:15:08.698106,2026-07-07T19:15:08.708326+00:00,138.7,12,ask,,,11223636
2026-07-07T19:15:08.698106,2026-07-07T19:15:08.708326+00:00,138.7,12,ask,,,11223637
2026-07-07T19:15:09.836455,2026-07-07T19:15:09.848075+00:00,139.1,4,bid,,,11223651
2026-07-07T19:15:10.634356,2026-07-07T19:15:10.646226+00:00,138.3,12,ask,,,11223666
2026-07-07T19:15:10.634356,2026-07-07T19:15:10.646226+00:00,138.1,38,ask,,,11223667
2026-07-07T19:15:11.076673,2026-07-07T19:15:11.084737+00:00,138.7,23,bid,,,11223682
2026-07-07T19:15:11.774340,2026-07-07T19:15:11.785557+00:00,138.5,12,ask,,,11223690
2026-07-07T19:15:13.130567,2026-07-07T19:15:13.140672+00:00,138.7,4,bid,,,11223714
2026-07-07T19:15:14.294604,2026-07-07T19:15:14.306491+00:00,138.5,12,ask,,,11223727
2026-07-07T19:15:14.796935,2026-07-07T19:15:14.808783+00:00,138.6,50,bid,,,11223734
2026-07-07T19:15:16.423725,2026-07-07T19:15:16.435188+00:00,138.6,4,bid,,,11223758
2026-07-07T19:15:16.904476,2026-07-07T19:15:16.912309+00:00,138.6,50,bid,,,11223771
2026-07-07T19:15:19.063992,2026-07-07T19:15:19.076100+00:00,138.5,12,ask,,,11223794
2026-07-07T19:15:19.690765,2026-07-07T19:15:19.702289+00:00,138.6,4,bid,,,11223804
2026-07-07T19:15:20.710284,2026-07-07T19:15:20.720504+00:00,138.6,11,bid,,,11223822
2026-07-07T19:15:20.738475,2026-07-07T19:15:20.746354+00:00,138.6,6,bid,,,11223824
2026-07-07T19:15:22.151973,2026-07-07T19:15:22.151240+00:00,138.9,42,bid,,,11223842
2026-07-07T19:15:22.694440,2026-07-07T19:15:22.706475+00:00,138.9,43,bid,,,11223852
2026-07-07T19:15:23.265720,2026-07-07T19:15:23.277558+00:00,138.5,41,ask,,,11223865
2026-07-07T19:15:23.275983,2026-07-07T19:15:23.282534+00:00,138.5,50,ask,,,11223866
2026-07-07T19:15:25.382992,2026-07-07T19:15:25.390193+00:00,138.6,50,ask,,,11223896
2026-07-07T19:15:26.368881,2026-07-07T19:15:26.380781+00:00,138.8,40,bid,,,11223908
2026-07-07T19:15:27.494634,2026-07-07T19:15:27.506146+00:00,138.4,50,ask,,,11223926
2026-07-07T19:15:28.223337,2026-07-07T19:15:28.231054+00:00,138.4,43,ask,,,11223939
2026-07-07T19:15:29.551342,2026-07-07T19:15:29.557076+00:00,138.8,12,bid,,,11223958
2026-07-07T19:15:29.551342,2026-07-07T19:15:29.557076+00:00,138.9,38,bid,,,11223959
2026-07-07T19:15:32.182371,2026-07-07T19:15:32.194300+00:00,138.5,43,bid,,,11223998
2026-07-07T19:15:32.504774,2026-07-07T19:15:32.515292+00:00,138.3,11,ask,,,11224001
2026-07-07T19:15:33.602196,2026-07-07T19:15:33.609578+00:00,138.2,1,ask,,,11224027
2026-07-07T19:15:33.602196,2026-07-07T19:15:33.614634+00:00,137.9,45,ask,,,11224028
2026-07-07T19:15:33.804357,2026-07-07T19:15:33.815852+00:00,138.3,50,bid,,,11224035
2026-07-07T19:15:34.253840,2026-07-07T19:15:34.265291+00:00,138.3,46,bid,,,11224040
2026-07-07T19:15:35.965485,2026-07-07T19:15:35.977050+00:00,137.9,50,ask,,,11224064
2026-07-07T19:15:36.773270,2026-07-07T19:15:36.784848+00:00,138.2,100,ask,,,11224077
2026-07-07T19:15:38.079453,2026-07-07T19:15:38.090985+00:00,138.2,50,ask,,,11224087
