timestamp,recv_time,price,volume,aggressor_side,buyer,seller,trade_id
2026-07-05T17:00:00.660158,2026-07-05T17:00:00.642227+00:00,158.6,50,bid,FlawlessFlatbreads,DiligentDonuts,8557281
2026-07-05T17:00:04.869457,2026-07-05T17:00:04.876635+00:00,158.6,50,bid,FlawlessFlatbreads,EarnestEspressos,8557323
2026-07-05T17:00:06.977597,2026-07-05T17:00:06.984518+00:00,158.8,50,bid,FlawlessFlatbreads,DiligentDonuts,8557366
2026-07-05T17:00:07.165074,2026-07-05T17:00:07.176803+00:00,158.8,44,bid,CostlyCorianders,DiligentDonuts,8557370
2026-07-05T17:00:07.221162,2026-07-05T17:00:07.232979+00:00,158.4,40,ask,EarnestEspressos,CostlyCorianders,8557371
2026-07-05T17:00:08.809725,2026-07-05T17:00:08.821739+00:00,158.8,6,bid,CostlyCorianders,DiligentDonuts,8557404
2026-07-05T17:00:08.809725,2026-07-05T17:00:08.821739+00:00,158.9,38,bid,CostlyCorianders,EarnestEspressos,8557405
2026-07-05T17:00:09.082163,2026-07-05T17:00:09.094057+00:00,158.9,50,bid,FlawlessFlatbreads,EarnestEspressos,8557417
2026-07-05T17:00:09.321949,2026-07-05T17:00:09.333981+00:00,158.4,48,ask,EarnestEspressos,CostlyCorianders,8557420
2026-07-05T17:00:10.924011,2026-07-05T17:00:10.932740+00:00,158.5,11,ask,DiligentDonuts,Xuanyu Liu,8557446
2026-07-05T17:00:11.336291,2026-07-05T17:00:11.363666+00:00,158.8,44,bid,CostlyCorianders,EarnestEspressos,8557452
2026-07-05T17:00:11.391785,2026-07-05T17:00:11.378487+00:00,158.5,49,ask,DiligentDonuts,CostlyCorianders,8557453
2026-07-05T17:00:12.463694,2026-07-05T17:00:12.475424+00:00,158.8,40,bid,CostlyCorianders,EarnestEspressos,8557473
2026-07-05T17:00:12.602254,2026-07-05T17:00:12.613848+00:00,159.0,100,bid,EarnestEspressos,DiligentDonuts,8557474
2026-07-05T17:00:13.659657,2026-07-05T17:00:13.668654+00:00,159.1,11,ask,EarnestEspressos,Xuanyu Liu,8557500
2026-07-05T17:00:14.970037,2026-07-05T17:00:14.978958+00:00,159.1,12,ask,EarnestEspressos,Xuanyu Liu,8557515
2026-07-05T17:00:15.445571,2026-07-05T17:00:15.463611+00:00,159.6,50,bid,FlawlessFlatbreads,EarnestEspressos,8557522
2026-07-05T17:00:15.772027,2026-07-05T17:00:15.781518+00:00,159.1,11,ask,DiligentDonuts,Xuanyu Liu,8557531
2026-07-05T17:00:15.822581,2026-07-05T17:00:15.831179+00:00,159.1,89,ask,DiligentDonuts,EarnestEspressos,8557534
2026-07-05T17:00:16.282500,2026-07-05T17:00:16.292086+00:00,159.0,11,bid,Xuanyu Liu,EarnestEspressos,8557544
2026-07-05T17:00:17.552025,2026-07-05T17:00:17.563625+00:00,159.0,50,bid,FlawlessFlatbreads,EarnestEspressos,8557568
2026-07-05T17:00:18.930859,2026-07-05T17:00:18.942708+00:00,159.0,100,bid,EarnestEspressos,DiligentDonuts,8557581
2026-07-05T17:00:19.002460,2026-07-05T17:00:19.012317+00:00,159.1,34,ask,EarnestEspressos,Xuanyu Liu,8557583
2026-07-05T17:00:19.528634,2026-07-05T17:00:19.540461+00:00,159.1,16,ask,EarnestEspressos,DiligentDonuts,8557593
2026-07-05T17:00:20.031337,2026-07-05T17:00:20.039286+00:00,158.6,48,ask,DiligentDonuts,CostlyCorianders,8557603
2026-07-05T17:00:20.563488,2026-07-05T17:00:20.574716+00:00,159.1,41,bid,CostlyCorianders,DiligentDonuts,8557619
2026-07-05T17:00:21.523780,2026-07-05T17:00:21.533207+00:00,159.1,11,bid,Xuanyu Liu,DiligentDonuts,8557633
2026-07-05T17:00:21.762240,2026-07-05T17:00:21.774226+00:00,159.1,32,bid,FlawlessFlatbreads,DiligentDonuts,8557636
2026-07-05T17:00:21.762240,2026-07-05T17:00:21.774226+00:00,159.6,18,bid,FlawlessFlatbreads,EarnestEspressos,8557637
2026-07-05T17:00:22.601269,2026-07-05T17:00:22.608690+00:00,158.7,49,ask,EarnestEspressos,CostlyCorianders,8557655
2026-07-05T17:00:22.833801,2026-07-05T17:00:22.843633+00:00,159.1,14,ask,DiligentDonuts,Xuanyu Liu,8557660
2026-07-05T17:00:23.871163,2026-07-05T17:00:23.882691+00:00,159.2,50,bid,FlawlessFlatbreads,EarnestEspressos,8557682
2026-07-05T17:00:25.328052,2026-07-05T17:00:25.339850+00:00,159.1,37,ask,DiligentDonuts,EarnestEspressos,8557708
2026-07-05T17:00:25.341189,2026-07-05T17:00:25.351054+00:00,158.8,14,bid,Xuanyu Liu,EarnestEspressos,8557709
2026-07-05T17:00:25.978357,2026-07-05T17:00:25.990375+00:00,158.8,50,bid,FlawlessFlatbreads,EarnestEspressos,8557717
2026-07-05T17:00:26.484713,2026-07-05T17:00:26.495603+00:00,158.8,42,bid,CostlyCorianders,EarnestEspressos,8557725
2026-07-05T17:00:27.032382,2026-07-05T17:00:27.044043+00:00,158.8,7,bid,CostlyCorianders,EarnestEspressos,8557735
2026-07-05T17:00:27.032382,2026-07-05T17:00:27.044043+00:00,158.8,33,bid,CostlyCorianders,DiligentDonuts,8557736
2026-07-05T17:00:27.528222,2026-07-05T17:00:27.540144+00:00,158.8,48,bid,CostlyCorianders,DiligentDonuts,8557740
2026-07-05T17:00:28.087609,2026-07-05T17:00:28.097478+00:00,158.8,19,bid,FlawlessFlatbreads,DiligentDonuts,8557749
2026-07-05T17:00:29.396292,2026-07-05T17:00:29.406074+00:00,159.0,11,ask,EarnestEspressos,Xuanyu Liu,8557771
2026-07-05T17:00:30.267542,2026-07-05T17:00:30.279387+00:00,159.0,50,ask,EarnestEspressos,FlawlessFlatbreads,8557782
2026-07-05T17:00:30.708735,2026-07-05T17:00:30.718005+00:00,159.0,3,ask,EarnestEspressos,Xuanyu Liu,8557792
2026-07-05T17:00:32.375690,2026-07-05T17:00:32.392046+00:00,158.6,50,ask,DiligentDonuts,FlawlessFlatbreads,8557817
2026-07-05T17:00:34.482895,2026-07-05T17:00:34.494492+00:00,158.6,50,ask,DiligentDonuts,FlawlessFlatbreads,8557847
2026-07-05T17:00:35.366658,2026-07-05T17:00:35.375654+00:00,158.8,3,bid,Xuanyu Liu,DiligentDonuts,8557864
2026-07-05T17:00:35.939031,2026-07-05T17:00:35.947956+00:00,158.8,11,bid,Xuanyu Liu,DiligentDonuts,8557867
2026-07-05T17:00:36.223814,2026-07-05T17:00:36.235814+00:00,158.6,46,ask,EarnestEspressos,CostlyCorianders,8557877
2026-07-05T17:00:36.539088,2026-07-05T17:00:36.550799+00:00,158.8,50,bid,FlawlessFlatbreads,DiligentDonuts,8557887
2026-07-05T17:00:36.711833,2026-07-05T17:00:36.718263+00:00,158.6,46,ask,EarnestEspressos,CostlyCorianders,8557890
2026-07-05T17:00:39.900395,2026-07-05T17:00:39.909173+00:00,158.8,12,bid,Xuanyu Liu,EarnestEspressos,8557942
2026-07-05T17:00:42.909724,2026-07-05T17:00:42.918675+00:00,158.7,50,ask,DiligentDonuts,FlawlessFlatbreads,8557973
2026-07-05T17:00:44.965013,2026-07-05T17:00:44.976976+00:00,159.1,50,bid,FlawlessFlatbreads,EarnestEspressos,8558008
2026-07-05T17:00:46.361569,2026-07-05T17:00:46.369208+00:00,159.1,41,bid,CostlyCorianders,EarnestEspressos,8558026
2026-07-05T17:00:47.124201,2026-07-05T17:00:47.135812+00:00,158.7,50,ask,DiligentDonuts,FlawlessFlatbreads,8558035
2026-07-05T17:00:47.587059,2026-07-05T17:00:47.589806+00:00,159.0,45,ask,EarnestEspressos,CostlyCorianders,8558041
2026-07-05T17:00:48.597237,2026-07-05T17:00:48.609031+00:00,159.1,43,bid,CostlyCorianders,DiligentDonuts,8558058
2026-07-05T17:00:49.230794,2026-07-05T17:00:49.238024+00:00,159.0,50,ask,EarnestEspressos,FlawlessFlatbreads,8558063
2026-07-05T17:00:51.337872,2026-07-05T17:00:51.349653+00:00,158.5,50,ask,DiligentDonuts,FlawlessFlatbreads,8558081
2026-07-05T17:00:52.604136,2026-07-05T17:00:52.613233+00:00,158.5,49,ask,DiligentDonuts,CostlyCorianders,8558101
2026-07-05T17:00:53.447687,2026-07-05T17:00:53.458574+00:00,158.5,1,ask,DiligentDonuts,FlawlessFlatbreads,8558112
2026-07-05T17:00:53.447687,2026-07-05T17:00:53.458574+00:00,158.4,49,ask,EarnestEspressos,FlawlessFlatbreads,8558113
2026-07-05T17:00:53.503313,2026-07-05T17:00:53.514543+00:00,158.9,42,bid,CostlyCorianders,EarnestEspressos,8558114
2026-07-05T17:00:54.367894,2026-07-05T17:00:54.378428+00:00,158.9,11,bid,Xuanyu Liu,DiligentDonuts,8558126
2026-07-05T17:00:55.556299,2026-07-05T17:00:55.567822+00:00,158.6,50,ask,EarnestEspressos,FlawlessFlatbreads,8558143
2026-07-05T17:00:55.642261,2026-07-05T17:00:55.652253+00:00,158.9,12,bid,Xuanyu Liu,DiligentDonuts,8558145
2026-07-05T17:00:56.083092,2026-07-05T17:00:56.095120+00:00,158.6,45,ask,EarnestEspressos,CostlyCorianders,8558157
2026-07-05T17:00:56.977399,2026-07-05T17:00:56.988820+00:00,158.7,11,bid,Xuanyu Liu,EarnestEspressos,8558165
2026-07-05T17:00:57.664229,2026-07-05T17:00:57.673682+00:00,158.5,50,ask,DiligentDonuts,FlawlessFlatbreads,8558178
2026-07-05T17:00:57.740619,2026-07-05T17:00:57.752285+00:00,158.7,45,bid,CostlyCorianders,EarnestEspressos,8558180
2026-07-05T17:00:59.772061,2026-07-05T17:00:59.783758+00:00,158.5,50,ask,DiligentDonuts,FlawlessFlatbreads,8558211
2026-07-05T17:01:01.827677,2026-07-05T17:01:01.839458+00:00,158.5,50,bid,FlawlessFlatbreads,DiligentDonuts,8558248
2026-07-05T17:01:03.302222,2026-07-05T17:01:03.309761+00:00,158.5,45,bid,CostlyCorianders,DiligentDonuts,8558267
2026-07-05T17:01:03.520591,2026-07-05T17:01:03.529353+00:00,158.5,5,bid,Xuanyu Liu,DiligentDonuts,8558271
2026-07-05T17:01:03.820937,2026-07-05T17:01:03.830020+00:00,158.7,44,bid,CostlyCorianders,EarnestEspressos,8558273
2026-07-05T17:01:03.935247,2026-07-05T17:01:03.945096+00:00,158.7,50,bid,FlawlessFlatbreads,EarnestEspressos,8558275
2026-07-05T17:01:06.041530,2026-07-05T17:01:06.058560+00:00,158.7,50,bid,FlawlessFlatbreads,EarnestEspressos,8558310
2026-07-05T17:01:06.431862,2026-07-05T17:01:06.444637+00:00,158.8,16,ask,EarnestEspressos,Xuanyu Liu,8558325
2026-07-05T17:01:06.659504,2026-07-05T17:01:06.668433+00:00,158.8,12,ask,EarnestEspressos,Xuanyu Liu,8558331
2026-07-05T17:01:07.007659,2026-07-05T17:01:07.014947+00:00,158.8,100,ask,EarnestEspressos,DiligentDonuts,8558336
2026-07-05T17:01:07.459667,2026-07-05T17:01:07.467933+00:00,158.8,11,ask,EarnestEspressos,Xuanyu Liu,8558341
2026-07-05T17:01:08.148827,2026-07-05T17:01:08.150742+00:00,159.3,50,bid,FlawlessFlatbreads,EarnestEspressos,8558352
2026-07-05T17:01:10.255437,2026-07-05T17:01:10.252201+00:00,158.9,50,bid,FlawlessFlatbreads,EarnestEspressos,8558383
2026-07-05T17:01:12.392650,2026-07-05T17:01:12.404260+00:00,158.9,50,bid,FlawlessFlatbreads,EarnestEspressos,8558412
2026-07-05T17:01:14.500784,2026-07-05T17:01:14.512392+00:00,158.9,50,bid,FlawlessFlatbreads,DiligentDonuts,8558456
2026-07-05T17:01:16.106062,2026-07-05T17:01:16.117953+00:00,158.7,48,ask,EarnestEspressos,CostlyCorianders,8558479
2026-07-05T17:01:16.616477,2026-07-05T17:01:16.625250+00:00,159.0,50,bid,FlawlessFlatbreads,DiligentDonuts,8558493
2026-07-05T17:01:16.637102,2026-07-05T17:01:16.647244+00:00,158.7,23,ask,EarnestEspressos,Xuanyu Liu,8558497
2026-07-05T17:01:17.251175,2026-07-05T17:01:17.255218+00:00,158.7,43,ask,EarnestEspressos,CostlyCorianders,8558503
2026-07-05T17:01:17.784635,2026-07-05T17:01:17.796246+00:00,158.7,36,ask,EarnestEspressos,CostlyCorianders,8558510
2026-07-05T17:01:17.784635,2026-07-05T17:01:17.796246+00:00,158.5,13,ask,DiligentDonuts,CostlyCorianders,8558511
2026-07-05T17:01:18.723876,2026-07-05T17:01:18.735560+00:00,159.0,50,bid,FlawlessFlatbreads,DiligentDonuts,8558524
2026-07-05T17:01:19.122915,2026-07-05T17:01:19.134831+00:00,158.5,87,ask,DiligentDonuts,EarnestEspressos,8558530
2026-07-05T17:01:19.136164,2026-07-05T17:01:19.146743+00:00,158.5,23,bid,Xuanyu Liu,EarnestEspressos,8558531
2026-07-05T17:01:20.296861,2026-07-05T17:01:20.308786+00:00,158.5,40,bid,CostlyCorianders,EarnestEspressos,8558548
2026-07-05T17:01:20.296861,2026-07-05T17:01:20.308786+00:00,158.9,4,bid,CostlyCorianders,DiligentDonuts,8558549
2026-07-05T17:01:20.831353,2026-07-05T17:01:20.843288+00:00,158.9,50,bid,FlawlessFlatbreads,DiligentDonuts,8558556
2026-07-05T17:01:22.476188,2026-07-05T17:01:22.488481+00:00,158.9,46,bid,CostlyCorianders,DiligentDonuts,8558585
2026-07-05T17:01:22.780494,2026-07-05T17:01:22.791426+00:00,158.9,12,ask,DiligentDonuts,Xuanyu Liu,8558588
2026-07-05T17:01:22.991954,2026-07-05T17:01:23.003336+00:00,158.9,50,ask,DiligentDonuts,FlawlessFlatbreads,8558592
2026-07-05T17:01:23.188840,2026-07-05T17:01:23.198279+00:00,158.9,14,ask,DiligentDonuts,Xuanyu Liu,8558595
2026-07-05T17:01:25.125000,2026-07-05T17:01:25.137263+00:00,158.7,26,ask,EarnestEspressos,FlawlessFlatbreads,8558619
2026-07-05T17:01:25.523268,2026-07-05T17:01:25.530576+00:00,158.3,47,ask,EarnestEspressos,CostlyCorianders,8558629
2026-07-05T17:01:26.468804,2026-07-05T17:01:26.480699+00:00,158.8,41,bid,CostlyCorianders,EarnestEspressos,8558644
2026-07-05T17:01:27.237704,2026-07-05T17:01:27.249263+00:00,158.3,50,ask,EarnestEspressos,FlawlessFlatbreads,8558651
2026-07-05T17:01:29.331994,2026-07-05T17:01:29.351030+00:00,158.8,3,bid,Xuanyu Liu,EarnestEspressos,8558671
2026-07-05T17:01:29.551904,2026-07-05T17:01:29.555916+00:00,158.5,45,ask,DiligentDonuts,CostlyCorianders,8558680
2026-07-05T17:01:30.084714,2026-07-05T17:01:30.096057+00:00,158.5,45,ask,DiligentDonuts,CostlyCorianders,8558694
2026-07-05T17:01:31.065051,2026-07-05T17:01:31.074465+00:00,158.8,11,bid,Xuanyu Liu,EarnestEspressos,8558705
2026-07-05T17:01:31.454284,2026-07-05T17:01:31.466000+00:00,158.5,10,ask,DiligentDonuts,FlawlessFlatbreads,8558712
2026-07-05T17:01:31.454284,2026-07-05T17:01:31.466000+00:00,158.3,40,ask,EarnestEspressos,FlawlessFlatbreads,8558713
2026-07-05T17:01:32.059594,2026-07-05T17:01:32.069700+00:00,158.8,12,bid,Xuanyu Liu,EarnestEspressos,8558727
2026-07-05T17:01:33.588594,2026-07-05T17:01:33.600735+00:00,158.5,50,ask,DiligentDonuts,FlawlessFlatbreads,8558740
2026-07-05T17:01:33.847834,2026-07-05T17:01:33.858610+00:00,158.8,48,bid,CostlyCorianders,EarnestEspressos,8558744
2026-07-05T17:01:34.377235,2026-07-05T17:01:34.388757+00:00,158.5,44,ask,DiligentDonuts,CostlyCorianders,8558758
2026-07-05T17:01:35.479123,2026-07-05T17:01:35.488295+00:00,158.6,11,bid,Xuanyu Liu,DiligentDonuts,8558773
2026-07-05T17:01:35.694917,2026-07-05T17:01:35.706530+00:00,158.5,50,ask,EarnestEspressos,FlawlessFlatbreads,8558778
2026-07-05T17:01:35.999723,2026-07-05T17:01:36.020577+00:00,158.6,12,bid,Xuanyu Liu,DiligentDonuts,8558782
2026-07-05T17:01:37.231647,2026-07-05T17:01:37.241043+00:00,158.6,11,bid,Xuanyu Liu,DiligentDonuts,8558800
2026-07-05T17:01:37.751997,2026-07-05T17:01:37.768997+00:00,158.6,50,bid,FlawlessFlatbreads,DiligentDonuts,8558807
2026-07-05T17:01:38.042346,2026-07-05T17:01:38.058583+00:00,158.6,16,bid,EarnestEspressos,DiligentDonuts,8558808
2026-07-05T17:01:39.291972,2026-07-05T17:01:39.303641+00:00,159.2,44,bid,CostlyCorianders,EarnestEspressos,8558821
2026-07-05T17:01:39.891578,2026-07-05T17:01:39.903402+00:00,159.2,50,bid,FlawlessFlatbreads,EarnestEspressos,8558825
2026-07-05T17:01:40.666121,2026-07-05T17:01:40.677682+00:00,158.7,40,ask,EarnestEspressos,CostlyCorianders,8558838
2026-07-05T17:01:41.197956,2026-07-05T17:01:41.206155+00:00,159.2,49,bid,CostlyCorianders,DiligentDonuts,8558840
2026-07-05T17:01:42.054817,2026-07-05T17:01:42.068736+00:00,158.7,50,ask,EarnestEspressos,FlawlessFlatbreads,8558855
2026-07-05T17:01:46.264622,2026-07-05T17:01:46.276455+00:00,158.9,50,ask,DiligentDonuts,FlawlessFlatbreads,8558902
2026-07-05T17:01:48.375535,2026-07-05T17:01:48.385485+00:00,158.9,50,ask,DiligentDonuts,FlawlessFlatbreads,8558933
2026-07-05T17:01:48.619840,2026-07-05T17:01:48.631680+00:00,159.2,49,bid,CostlyCorianders,EarnestEspressos,8558935
2026-07-05T17:01:50.431208,2026-07-05T17:01:50.442894+00:00,159.2,50,bid,FlawlessFlatbreads,EarnestEspressos,8558959
2026-07-05T17:01:50.725641,2026-07-05T17:01:50.738332+00:00,159.3,23,ask,EarnestEspressos,Xuanyu Liu,8558968
2026-07-05T17:01:50.754937,2026-07-05T17:01:50.765545+00:00,159.3,23,ask,EarnestEspressos,Xuanyu Liu,8558971
2026-07-05T17:01:51.286487,2026-07-05T17:01:51.295200+00:00,159.3,100,ask,EarnestEspressos,DiligentDonuts,8558979
2026-07-05T17:01:52.540308,2026-07-05T17:01:52.552252+00:00,159.8,50,bid,FlawlessFlatbreads,EarnestEspressos,8558993
2026-07-05T17:01:54.505149,2026-07-05T17:01:54.516678+00:00,159.1,45,ask,DiligentDonuts,CostlyCorianders,8559024
2026-07-05T17:01:56.752869,2026-07-05T17:01:56.764603+00:00,159.4,50,bid,FlawlessFlatbreads,EarnestEspressos,8559060
2026-07-05T17:01:57.210749,2026-07-05T17:01:57.223113+00:00,159.6,41,bid,CostlyCorianders,DiligentDonuts,8559072
2026-07-05T17:01:58.859110,2026-07-05T17:01:58.871125+00:00,159.4,50,bid,FlawlessFlatbreads,DiligentDonuts,8559105
2026-07-05T17:02:00.552136,2026-07-05T17:02:00.551351+00:00,159.0,46,ask,EarnestEspressos,CostlyCorianders,8559138
2026-07-05T17:02:00.966807,2026-07-05T17:02:00.978787+00:00,159.5,50,bid,FlawlessFlatbreads,EarnestEspressos,8559140
2026-07-05T17:02:01.137761,2026-07-05T17:02:01.150235+00:00,159.5,40,bid,CostlyCorianders,EarnestEspressos,8559144
2026-07-05T17:02:02.296851,2026-07-05T17:02:02.309198+00:00,159.2,45,ask,DiligentDonuts,CostlyCorianders,8559158
2026-07-05T17:02:03.075408,2026-07-05T17:02:03.087524+00:00,159.5,50,bid,FlawlessFlatbreads,EarnestEspressos,8559167
2026-07-05T17:02:04.897149,2026-07-05T17:02:04.908737+00:00,159.5,48,ask,EarnestEspressos,CostlyCorianders,8559194
2026-07-05T17:02:05.184582,2026-07-05T17:02:05.194705+00:00,159.6,50,bid,FlawlessFlatbreads,DiligentDonuts,8559201
2026-07-05T17:02:06.523471,2026-07-05T17:02:06.535115+00:00,159.6,49,bid,CostlyCorianders,DiligentDonuts,8559217
2026-07-05T17:02:07.290757,2026-07-05T17:02:07.302779+00:00,159.9,50,bid,FlawlessFlatbreads,EarnestEspressos,8559227
2026-07-05T17:02:07.457263,2026-07-05T17:02:07.464478+00:00,159.9,43,bid,CostlyCorianders,EarnestEspressos,8559229
2026-07-05T17:02:07.519561,2026-07-05T17:02:07.537002+00:00,159.7,44,ask,DiligentDonuts,CostlyCorianders,8559233
2026-07-05T17:02:07.816680,2026-07-05T17:02:07.825478+00:00,159.7,14,ask,DiligentDonuts,Xuanyu Liu,8559239
2026-07-05T17:02:09.450296,2026-07-05T17:02:09.463886+00:00,159.7,42,ask,DiligentDonuts,FlawlessFlatbreads,8559266
2026-07-05T17:02:09.989024,2026-07-05T17:02:09.997531+00:00,159.7,49,ask,EarnestEspressos,CostlyCorianders,8559279
2026-07-05T17:02:10.253403,2026-07-05T17:02:10.258579+00:00,159.7,100,ask,EarnestEspressos,DiligentDonuts,8559285
2026-07-05T17:02:11.491793,2026-07-05T17:02:11.564463+00:00,160.2,40,bid,CostlyCorianders,EarnestEspressos,8559300
2026-07-05T17:02:11.564091,2026-07-05T17:02:11.569760+00:00,159.7,1,ask,EarnestEspressos,FlawlessFlatbreads,8559301
2026-07-05T17:02:11.564091,2026-07-05T17:02:11.575155+00:00,159.2,49,ask,DiligentDonuts,FlawlessFlatbreads,8559302
2026-07-05T17:02:13.237051,2026-07-05T17:02:13.249075+00:00,159.9,47,bid,CostlyCorianders,EarnestEspressos,8559327
2026-07-05T17:02:13.671436,2026-07-05T17:02:13.683160+00:00,159.5,50,ask,DiligentDonuts,FlawlessFlatbreads,8559331
2026-07-05T17:02:14.400595,2026-07-05T17:02:14.408253+00:00,159.5,45,ask,DiligentDonuts,CostlyCorianders,8559347
2026-07-05T17:02:14.881292,2026-07-05T17:02:14.892268+00:00,159.9,45,bid,CostlyCorianders,EarnestEspressos,8559353
2026-07-05T17:02:14.939074,2026-07-05T17:02:14.948078+00:00,159.5,5,ask,DiligentDonuts,CostlyCorianders,8559354
2026-07-05T17:02:14.939074,2026-07-05T17:02:14.953312+00:00,159.4,43,ask,EarnestEspressos,CostlyCorianders,8559355
2026-07-05T17:02:15.696902,2026-07-05T17:02:15.706698+00:00,159.9,3,bid,Xuanyu Liu,EarnestEspressos,8559366
2026-07-05T17:02:15.727599,2026-07-05T17:02:15.739452+00:00,159.9,50,bid,FlawlessFlatbreads,EarnestEspressos,8559368
2026-07-05T17:02:16.048149,2026-07-05T17:02:16.054705+00:00,160.0,100,bid,EarnestEspressos,DiligentDonuts,8559378
2026-07-05T17:02:16.115968,2026-07-05T17:02:16.129055+00:00,160.1,3,ask,EarnestEspressos,Xuanyu Liu,8559381
2026-07-05T17:02:17.835244,2026-07-05T17:02:17.846881+00:00,160.2,50,bid,FlawlessFlatbreads,DiligentDonuts,8559403
2026-07-05T17:02:18.388386,2026-07-05T17:02:18.396283+00:00,160.1,47,ask,EarnestEspressos,CostlyCorianders,8559410
2026-07-05T17:02:19.025667,2026-07-05T17:02:19.034128+00:00,160.2,46,bid,CostlyCorianders,DiligentDonuts,8559419
2026-07-05T17:02:19.948333,2026-07-05T17:02:19.956694+00:00,159.9,50,bid,FlawlessFlatbreads,EarnestEspressos,8559437
2026-07-05T17:02:22.056371,2026-07-05T17:02:22.068159+00:00,159.9,50,bid,FlawlessFlatbreads,EarnestEspressos,8559458
2026-07-05T17:02:22.551023,2026-07-05T17:02:22.563753+00:00,159.8,47,ask,DiligentDonuts,CostlyCorianders,8559468
2026-07-05T17:02:23.526705,2026-07-05T17:02:23.538103+00:00,160.0,43,bid,CostlyCorianders,EarnestEspressos,8559485
2026-07-05T17:02:24.139052,2026-07-05T17:02:24.150872+00:00,159.5,43,ask,EarnestEspressos,CostlyCorianders,8559489
2026-07-05T17:02:26.339145,2026-07-05T17:02:26.350831+00:00,159.7,50,ask,EarnestEspressos,FlawlessFlatbreads,8559518
2026-07-05T17:02:27.238966,2026-07-05T17:02:27.250542+00:00,160.1,40,bid,CostlyCorianders,DiligentDonuts,8559528
2026-07-05T17:02:28.446868,2026-07-05T17:02:28.463616+00:00,159.7,50,ask,EarnestEspressos,FlawlessFlatbreads,8559542
2026-07-05T17:02:28.755953,2026-07-05T17:02:28.758655+00:00,159.6,100,ask,DiligentDonuts,EarnestEspressos,8559546
2026-07-05T17:02:28.892760,2026-07-05T17:02:28.904513+00:00,159.6,46,bid,CostlyCorianders,EarnestEspressos,8559547
2026-07-05T17:02:31.156130,2026-07-05T17:02:31.168675+00:00,159.2,46,ask,DiligentDonuts,CostlyCorianders,8559581
2026-07-05T17:02:31.303407,2026-07-05T17:02:31.312709+00:00,159.6,3,bid,Xuanyu Liu,EarnestEspressos,8559583
2026-07-05T17:02:31.464956,2026-07-05T17:02:31.474537+00:00,159.6,1,bid,Xuanyu Liu,EarnestEspressos,8559585
2026-07-05T17:02:31.863857,2026-07-05T17:02:31.870491+00:00,159.7,100,bid,EarnestEspressos,DiligentDonuts,8559590
2026-07-05T17:02:31.927128,2026-07-05T17:02:31.936259+00:00,159.9,1,ask,EarnestEspressos,Xuanyu Liu,8559591
2026-07-05T17:02:32.516296,2026-07-05T17:02:32.525318+00:00,159.9,3,ask,EarnestEspressos,Xuanyu Liu,8559601
2026-07-05T17:02:32.605385,2026-07-05T17:02:32.617146+00:00,160.1,50,bid,FlawlessFlatbreads,DiligentDonuts,8559603
2026-07-05T17:02:33.798670,2026-07-05T17:02:33.810371+00:00,160.1,49,bid,CostlyCorianders,DiligentDonuts,8559617
2026-07-05T17:02:34.789024,2026-07-05T17:02:34.799897+00:00,159.9,46,ask,EarnestEspressos,FlawlessFlatbreads,8559627
2026-07-05T17:02:34.789024,2026-07-05T17:02:34.799897+00:00,159.6,4,ask,DiligentDonuts,FlawlessFlatbreads,8559628
2026-07-05T17:02:35.077137,2026-07-05T17:02:35.086890+00:00,159.6,96,ask,DiligentDonuts,EarnestEspressos,8559633
2026-07-05T17:02:35.399637,2026-07-05T17:02:35.408585+00:00,159.6,3,bid,Xuanyu Liu,EarnestEspressos,8559639
2026-07-05T17:02:36.844625,2026-07-05T17:02:36.854122+00:00,159.6,50,bid,FlawlessFlatbreads,EarnestEspressos,8559658
2026-07-05T17:02:37.101501,2026-07-05T17:02:37.113214+00:00,159.5,44,ask,DiligentDonuts,CostlyCorianders,8559663
2026-07-05T17:02:38.201628,2026-07-05T17:02:38.212019+00:00,159.8,3,ask,EarnestEspressos,Xuanyu Liu,8559683
2026-07-05T17:02:38.639898,2026-07-05T17:02:38.650463+00:00,159.8,45,ask,EarnestEspressos,CostlyCorianders,8559692
2026-07-05T17:02:38.951736,2026-07-05T17:02:38.958542+00:00,159.9,50,bid,FlawlessFlatbreads,DiligentDonuts,8559693
2026-07-05T17:02:39.786285,2026-07-05T17:02:39.797541+00:00,159.8,41,ask,EarnestEspressos,CostlyCorianders,8559710
2026-07-05T17:02:41.061643,2026-07-05T17:02:41.073358+00:00,159.9,50,bid,FlawlessFlatbreads,DiligentDonuts,8559726
2026-07-05T17:02:42.312001,2026-07-05T17:02:42.324241+00:00,159.8,40,bid,CostlyCorianders,EarnestEspressos,8559741
2026-07-05T17:02:43.169138,2026-07-05T17:02:43.180836+00:00,159.8,50,bid,FlawlessFlatbreads,EarnestEspressos,8559746
2026-07-05T17:02:44.611659,2026-07-05T17:02:44.620372+00:00,160.0,48,bid,CostlyCorianders,DiligentDonuts,8559775
2026-07-05T17:02:44.665991,2026-07-05T17:02:44.677338+00:00,159.7,46,ask,EarnestEspressos,CostlyCorianders,8559776
2026-07-05T17:02:45.277832,2026-07-05T17:02:45.289507+00:00,160.2,50,bid,FlawlessFlatbreads,EarnestEspressos,8559780
2026-07-05T17:02:46.192535,2026-07-05T17:02:46.202509+00:00,160.2,44,bid,CostlyCorianders,EarnestEspressos,8559800
2026-07-05T17:02:47.385543,2026-07-05T17:02:47.397355+00:00,160.2,50,bid,FlawlessFlatbreads,EarnestEspressos,8559817
2026-07-05T17:02:47.678625,2026-07-05T17:02:47.686793+00:00,160.2,100,bid,EarnestEspressos,DiligentDonuts,8559818
2026-07-05T17:02:47.747300,2026-07-05T17:02:47.756156+00:00,160.2,3,ask,EarnestEspressos,Xuanyu Liu,8559822
2026-07-05T17:02:48.248794,2026-07-05T17:02:48.255082+00:00,160.2,25,ask,EarnestEspressos,Harold Schneider,8559830
2026-07-05T17:02:48.270680,2026-07-05T17:02:48.279336+00:00,160.3,10,ask,Harold Schneider,Xuanyu Liu,8559832
2026-07-05T17:02:48.418285,2026-07-05T17:02:48.429931+00:00,160.2,22,ask,EarnestEspressos,CostlyCorianders,8559836
2026-07-05T17:02:48.418285,2026-07-05T17:02:48.429931+00:00,160.1,25,ask,DiligentDonuts,CostlyCorianders,8559837
2026-07-05T17:02:49.508359,2026-07-05T17:02:49.520051+00:00,160.6,10,bid,FlawlessFlatbreads,Harold Schneider,8559851
2026-07-05T17:02:49.508359,2026-07-05T17:02:49.520051+00:00,160.6,40,bid,FlawlessFlatbreads,DiligentDonuts,8559852
2026-07-05T17:02:50.895436,2026-07-05T17:02:50.907099+00:00,160.1,75,ask,DiligentDonuts,EarnestEspressos,8559870
2026-07-05T17:02:51.124785,2026-07-05T17:02:51.136413+00:00,160.1,49,bid,CostlyCorianders,EarnestEspressos,8559875
2026-07-05T17:02:51.668107,2026-07-05T17:02:51.679829+00:00,160.0,50,ask,DiligentDonuts,FlawlessFlatbreads,8559879
2026-07-05T17:02:51.873721,2026-07-05T17:02:51.882522+00:00,160.1,10,bid,Xuanyu Liu,EarnestEspressos,8559884
2026-07-05T17:02:55.059714,2026-07-05T17:02:55.068386+00:00,160.0,11,ask,EarnestEspressos,Xuanyu Liu,8559936
2026-07-05T17:02:56.265290,2026-07-05T17:02:56.277312+00:00,160.0,45,ask,EarnestEspressos,CostlyCorianders,8559952
2026-07-05T17:02:57.896046,2026-07-05T17:02:57.907814+00:00,159.7,43,ask,EarnestEspressos,CostlyCorianders,8559973
2026-07-05T17:03:00.042425,2026-07-05T17:03:00.058546+00:00,160.1,46,bid,CostlyCorianders,DiligentDonuts,8559998
2026-07-05T17:03:01.226589,2026-07-05T17:03:01.238682+00:00,160.0,46,ask,DiligentDonuts,CostlyCorianders,8560019
2026-07-05T17:03:02.164958,2026-07-05T17:03:02.172068+00:00,160.1,50,bid,FlawlessFlatbreads,EarnestEspressos,8560032
2026-07-05T17:03:02.246047,2026-07-05T17:03:02.252622+00:00,160.1,46,bid,CostlyCorianders,EarnestEspressos,8560033
2026-07-05T17:03:02.842557,2026-07-05T17:03:02.854115+00:00,160.1,40,bid,CostlyCorianders,EarnestEspressos,8560046
2026-07-05T17:03:03.952012,2026-07-05T17:03:03.963769+00:00,160.2,48,ask,EarnestEspressos,CostlyCorianders,8560058
2026-07-05T17:03:04.112583,2026-07-05T17:03:04.121475+00:00,160.2,100,ask,EarnestEspressos,DiligentDonuts,8560062
2026-07-05T17:03:04.324608,2026-07-05T17:03:04.333641+00:00,160.2,2,ask,EarnestEspressos,FlawlessFlatbreads,8560066
2026-07-05T17:03:04.324608,2026-07-05T17:03:04.333641+00:00,159.7,48,ask,DiligentDonuts,FlawlessFlatbreads,8560067
2026-07-05T17:03:06.432316,2026-07-05T17:03:06.440631+00:00,159.7,50,ask,DiligentDonuts,FlawlessFlatbreads,8560104
2026-07-05T17:03:07.647088,2026-07-05T17:03:07.658570+00:00,159.7,41,ask,DiligentDonuts,CostlyCorianders,8560120
2026-07-05T17:03:09.143594,2026-07-05T17:03:09.158594+00:00,160.1,49,bid,CostlyCorianders,EarnestEspressos,8560131
2026-07-05T17:03:10.847577,2026-07-05T17:03:10.858583+00:00,159.9,45,bid,CostlyCorianders,DiligentDonuts,8560154
2026-07-05T17:03:14.661134,2026-07-05T17:03:14.669896+00:00,159.6,48,ask,EarnestEspressos,CostlyCorianders,8560189
2026-07-05T17:03:14.798888,2026-07-05T17:03:14.810764+00:00,160.1,50,bid,FlawlessFlatbreads,EarnestEspressos,8560190
2026-07-05T17:03:15.273980,2026-07-05T17:03:15.286071+00:00,160.1,49,bid,CostlyCorianders,EarnestEspressos,8560201
2026-07-05T17:03:15.329978,2026-07-05T17:03:15.339504+00:00,159.6,49,ask,EarnestEspressos,CostlyCorianders,8560204
2026-07-05T17:03:16.696435,2026-07-05T17:03:16.708222+00:00,160.3,44,bid,CostlyCorianders,EarnestEspressos,8560222
2026-07-05T17:03:16.922235,2026-07-05T17:03:16.934530+00:00,160.2,50,bid,FlawlessFlatbreads,DiligentDonuts,8560225
2026-07-05T17:03:17.901719,2026-07-05T17:03:17.908798+00:00,159.8,45,ask,EarnestEspressos,CostlyCorianders,8560242
2026-07-05T17:03:18.469947,2026-07-05T17:03:18.481468+00:00,160.2,40,bid,CostlyCorianders,DiligentDonuts,8560251
2026-07-05T17:03:21.186853,2026-07-05T17:03:21.198529+00:00,159.9,50,ask,DiligentDonuts,FlawlessFlatbreads,8560286
2026-07-05T17:03:22.793228,2026-07-05T17:03:22.801872+00:00,159.9,8,ask,DiligentDonuts,Zhangyue Shen,8560307
2026-07-05T17:03:22.952798,2026-07-05T17:03:22.964691+00:00,159.9,42,ask,DiligentDonuts,CostlyCorianders,8560309
2026-07-05T17:03:22.952798,2026-07-05T17:03:22.964691+00:00,159.8,4,ask,EarnestEspressos,CostlyCorianders,8560310
2026-07-05T17:03:23.297339,2026-07-05T17:03:23.308875+00:00,159.8,50,ask,EarnestEspressos,FlawlessFlatbreads,8560313
2026-07-05T17:03:25.410613,2026-07-05T17:03:25.418205+00:00,159.8,50,ask,EarnestEspressos,FlawlessFlatbreads,8560338
2026-07-05T17:03:25.499149,2026-07-05T17:03:25.510977+00:00,159.9,8,bid,CostlyCorianders,Zhangyue Shen,8560339
2026-07-05T17:03:25.499149,2026-07-05T17:03:25.510977+00:00,160.1,32,bid,CostlyCorianders,DiligentDonuts,8560340
2026-07-05T17:03:25.713367,2026-07-05T17:03:25.722665+00:00,159.7,11,bid,Xuanyu Liu,EarnestEspressos,8560345
2026-07-05T17:03:26.528773,2026-07-05T17:03:26.539015+00:00,159.7,3,bid,Xuanyu Liu,EarnestEspressos,8560363
2026-07-05T17:03:27.518567,2026-07-05T17:03:27.530735+00:00,159.6,50,ask,DiligentDonuts,FlawlessFlatbreads,8560379
2026-07-05T17:03:29.300775,2026-07-05T17:03:29.308576+00:00,159.6,47,ask,DiligentDonuts,CostlyCorianders,8560402
2026-07-05T17:03:29.627182,2026-07-05T17:03:29.636261+00:00,159.6,50,ask,EarnestEspressos,FlawlessFlatbreads,8560404
2026-07-05T17:03:31.741123,2026-07-05T17:03:31.751362+00:00,159.6,50,ask,EarnestEspressos,FlawlessFlatbreads,8560434
2026-07-05T17:03:33.776031,2026-07-05T17:03:33.787707+00:00,159.5,8,ask,Zhangyue Shen,CostlyCorianders,8560468
2026-07-05T17:03:33.776031,2026-07-05T17:03:33.787707+00:00,159.4,40,ask,DiligentDonuts,CostlyCorianders,8560469
2026-07-05T17:03:33.796417,2026-07-05T17:03:33.803569+00:00,159.6,50,bid,FlawlessFlatbreads,EarnestEspressos,8560470
2026-07-05T17:03:34.249640,2026-07-05T17:03:34.258556+00:00,159.6,45,bid,CostlyCorianders,EarnestEspressos,8560477
2026-07-05T17:03:35.888001,2026-07-05T17:03:35.900061+00:00,159.6,8,ask,Zhangyue Shen,CostlyCorianders,8560510
2026-07-05T17:03:35.888001,2026-07-05T17:03:35.900061+00:00,159.5,40,ask,EarnestEspressos,CostlyCorianders,8560511
2026-07-05T17:03:35.902218,2026-07-05T17:03:35.910535+00:00,159.8,50,bid,FlawlessFlatbreads,DiligentDonuts,8560512
2026-07-05T17:03:38.008854,2026-07-05T17:03:38.020732+00:00,159.8,50,bid,FlawlessFlatbreads,DiligentDonuts,8560544
2026-07-05T17:03:40.137533,2026-07-05T17:03:40.147860+00:00,159.9,50,bid,FlawlessFlatbreads,EarnestEspressos,8560570
2026-07-05T17:03:41.531775,2026-07-05T17:03:41.543794+00:00,159.6,48,ask,DiligentDonuts,CostlyCorianders,8560590
2026-07-05T17:03:42.244079,2026-07-05T17:03:42.258548+00:00,159.8,8,bid,FlawlessFlatbreads,Zhangyue Shen,8560597
2026-07-05T17:03:42.244079,2026-07-05T17:03:42.258548+00:00,159.8,42,bid,FlawlessFlatbreads,DiligentDonuts,8560598
2026-07-05T17:03:43.212284,2026-07-05T17:03:43.224009+00:00,159.8,41,bid,CostlyCorianders,DiligentDonuts,8560615
2026-07-05T17:03:44.478482,2026-07-05T17:03:44.490308+00:00,159.8,17,bid,CostlyCorianders,DiligentDonuts,8560626
2026-07-05T17:03:44.478482,2026-07-05T17:03:44.490308+00:00,159.9,26,bid,CostlyCorianders,EarnestEspressos,8560627
2026-07-05T17:03:45.669141,2026-07-05T17:03:45.680793+00:00,160.0,46,bid,CostlyCorianders,EarnestEspressos,8560643
2026-07-05T17:03:46.479045,2026-07-05T17:03:46.490654+00:00,160.0,50,bid,FlawlessFlatbreads,EarnestEspressos,8560652
2026-07-05T17:03:47.822163,2026-07-05T17:03:47.833200+00:00,159.9,3,ask,EarnestEspressos,Xuanyu Liu,8560673
2026-07-05T17:03:48.193721,2026-07-05T17:03:48.203481+00:00,159.9,8,ask,EarnestEspressos,Zhangyue Shen,8560680
2026-07-05T17:03:48.382426,2026-07-05T17:03:48.394104+00:00,159.9,25,ask,EarnestEspressos,Harold Schneider,8560684
2026-07-05T17:03:48.405746,2026-07-05T17:03:48.414947+00:00,160.0,10,ask,Harold Schneider,Xuanyu Liu,8560686
2026-07-05T17:03:48.596099,2026-07-05T17:03:48.610513+00:00,160.0,8,bid,FlawlessFlatbreads,Zhangyue Shen,8560693
2026-07-05T17:03:48.596099,2026-07-05T17:03:48.610513+00:00,160.1,42,bid,FlawlessFlatbreads,DiligentDonuts,8560694
2026-07-05T17:03:49.260437,2026-07-05T17:03:49.269517+00:00,159.9,8,ask,EarnestEspressos,Zhangyue Shen,8560704
2026-07-05T17:03:50.056317,2026-07-05T17:03:50.068984+00:00,159.9,8,ask,EarnestEspressos,Zhangyue Shen,8560718
2026-07-05T17:03:50.703542,2026-07-05T17:03:50.715866+00:00,160.0,8,bid,FlawlessFlatbreads,Zhangyue Shen,8560733
2026-07-05T17:03:50.703542,2026-07-05T17:03:50.715866+00:00,160.1,42,bid,FlawlessFlatbreads,DiligentDonuts,8560734
2026-07-05T17:03:52.888589,2026-07-05T17:03:52.897065+00:00,160.2,50,ask,DiligentDonuts,FlawlessFlatbreads,8560774
2026-07-05T17:03:53.901005,2026-07-05T17:03:53.912921+00:00,160.2,48,ask,DiligentDonuts,CostlyCorianders,8560791
2026-07-05T17:03:57.081617,2026-07-05T17:03:57.090189+00:00,160.3,8,bid,CostlyCorianders,Zhangyue Shen,8560819
2026-07-05T17:03:57.081617,2026-07-05T17:03:57.090189+00:00,160.5,34,bid,CostlyCorianders,DiligentDonuts,8560820
2026-07-05T17:03:57.099332,2026-07-05T17:03:57.105854+00:00,160.1,50,ask,EarnestEspressos,FlawlessFlatbreads,8560822
2026-07-05T17:03:57.721735,2026-07-05T17:03:57.733231+00:00,160.0,45,ask,DiligentDonuts,CostlyCorianders,8560833
2026-07-05T17:03:59.156446,2026-07-05T17:03:59.169484+00:00,160.5,50,bid,FlawlessFlatbreads,EarnestEspressos,8560852
2026-07-05T17:04:01.268357,2026-07-05T17:04:01.276025+00:00,160.4,50,bid,FlawlessFlatbreads,DiligentDonuts,8560879
2026-07-05T17:04:01.933563,2026-07-05T17:04:01.945466+00:00,160.0,49,ask,EarnestEspressos,CostlyCorianders,8560891
2026-07-05T17:04:03.382212,2026-07-05T17:04:03.394259+00:00,160.4,50,bid,FlawlessFlatbreads,DiligentDonuts,8560912
2026-07-05T17:04:04.544756,2026-07-05T17:04:04.552820+00:00,160.3,1,ask,DiligentDonuts,Xuanyu Liu,8560924
2026-07-05T17:04:05.490645,2026-07-05T17:04:05.502351+00:00,160.4,8,bid,FlawlessFlatbreads,Zhangyue Shen,8560939
2026-07-05T17:04:05.490645,2026-07-05T17:04:05.502351+00:00,160.5,42,bid,FlawlessFlatbreads,EarnestEspressos,8560940
2026-07-05T17:04:05.505318,2026-07-05T17:04:05.512971+00:00,160.3,43,ask,DiligentDonuts,CostlyCorianders,8560941
2026-07-05T17:04:05.850609,2026-07-05T17:04:05.861564+00:00,160.3,12,ask,DiligentDonuts,Xuanyu Liu,8560946
2026-07-05T17:04:07.159648,2026-07-05T17:04:07.168771+00:00,160.3,11,ask,DiligentDonuts,Xuanyu Liu,8560965
2026-07-05T17:04:07.173115,2026-07-05T17:04:07.184382+00:00,160.3,8,ask,DiligentDonuts,Zhangyue Shen,8560967
2026-07-05T17:04:07.657784,2026-07-05T17:04:07.669764+00:00,159.9,50,ask,EarnestEspressos,FlawlessFlatbreads,8560981
2026-07-05T17:04:09.194495,2026-07-05T17:04:09.203645+00:00,160.1,8,bid,Xuanyu Liu,Zhangyue Shen,8561008
2026-07-05T17:04:09.767103,2026-07-05T17:04:09.776824+00:00,159.9,50,ask,EarnestEspressos,FlawlessFlatbreads,8561023
2026-07-05T17:04:10.048601,2026-07-05T17:04:10.059747+00:00,159.9,26,bid,Xuanyu Liu,EarnestEspressos,8561028
2026-07-05T17:04:11.712652,2026-07-05T17:04:11.724527+00:00,159.9,49,bid,CostlyCorianders,EarnestEspressos,8561055
2026-07-05T17:04:11.873492,2026-07-05T17:04:11.885983+00:00,159.8,50,ask,DiligentDonuts,FlawlessFlatbreads,8561058
2026-07-05T17:04:12.205702,2026-07-05T17:04:12.213934+00:00,159.9,3,bid,Xuanyu Liu,EarnestEspressos,8561068
2026-07-05T17:04:12.290953,2026-07-05T17:04:12.298086+00:00,159.9,8,bid,Zhangyue Shen,EarnestEspressos,8561072
2026-07-05T17:04:12.562726,2026-07-05T17:04:12.570219+00:00,159.9,8,bid,Zhangyue Shen,EarnestEspressos,8561077
2026-07-05T17:04:12.818068,2026-07-05T17:04:12.828854+00:00,159.9,43,bid,CostlyCorianders,EarnestEspressos,8561082
2026-07-05T17:04:13.148799,2026-07-05T17:04:13.158597+00:00,160.2,8,bid,EarnestEspressos,Zhangyue Shen,8561089
2026-07-05T17:04:13.714169,2026-07-05T17:04:13.722935+00:00,160.2,3,ask,EarnestEspressos,Xuanyu Liu,8561100
2026-07-05T17:04:13.978906,2026-07-05T17:04:13.990628+00:00,160.2,50,ask,EarnestEspressos,FlawlessFlatbreads,8561105
2026-07-05T17:04:14.526540,2026-07-05T17:04:14.538144+00:00,160.3,49,bid,CostlyCorianders,DiligentDonuts,8561120
2026-07-05T17:04:14.581255,2026-07-05T17:04:14.588304+00:00,160.2,46,ask,EarnestEspressos,CostlyCorianders,8561122
2026-07-05T17:04:16.087262,2026-07-05T17:04:16.096297+00:00,160.2,43,ask,EarnestEspressos,FlawlessFlatbreads,8561152
2026-07-05T17:04:16.087262,2026-07-05T17:04:16.096297+00:00,159.8,7,ask,DiligentDonuts,FlawlessFlatbreads,8561153
2026-07-05T17:04:16.223871,2026-07-05T17:04:16.235603+00:00,159.8,46,ask,DiligentDonuts,CostlyCorianders,8561155
2026-07-05T17:04:17.251443,2026-07-05T17:04:17.257841+00:00,160.1,45,bid,CostlyCorianders,EarnestEspressos,8561174
2026-07-05T17:04:18.194272,2026-07-05T17:04:18.206089+00:00,159.9,50,ask,DiligentDonuts,FlawlessFlatbreads,8561189
2026-07-05T17:04:18.563173,2026-07-05T17:04:18.574708+00:00,160.1,2,bid,Harold Schneider,EarnestEspressos,8561196
2026-07-05T17:04:20.299541,2026-07-05T17:04:20.311507+00:00,159.9,8,ask,Zhangyue Shen,FlawlessFlatbreads,8561219
2026-07-05T17:04:20.299541,2026-07-05T17:04:20.311507+00:00,159.8,42,ask,EarnestEspressos,FlawlessFlatbreads,8561220
2026-07-05T17:04:21.308544,2026-07-05T17:04:21.328166+00:00,160.2,3,bid,Xuanyu Liu,DiligentDonuts,8561236
2026-07-05T17:04:22.409719,2026-07-05T17:04:22.421430+00:00,160.0,8,ask,Zhangyue Shen,FlawlessFlatbreads,8561259
2026-07-05T17:04:23.886454,2026-07-05T17:04:23.895147+00:00,160.1,8,ask,Zhangyue Shen,CostlyCorianders,8561283
2026-07-05T17:04:23.886454,2026-07-05T17:04:23.895147+00:00,160.0,41,ask,EarnestEspressos,CostlyCorianders,8561284
2026-07-05T17:04:24.516030,2026-07-05T17:04:24.528193+00:00,160.0,50,ask,EarnestEspressos,FlawlessFlatbreads,8561300
2026-07-05T17:04:25.844869,2026-07-05T17:04:25.856862+00:00,160.2,8,ask,Zhangyue Shen,EarnestEspressos,8561321
2026-07-05T17:04:26.624882,2026-07-05T17:04:26.636525+00:00,160.0,8,ask,Zhangyue Shen,FlawlessFlatbreads,8561332
2026-07-05T17:04:26.624882,2026-07-05T17:04:26.636525+00:00,160.0,42,ask,DiligentDonuts,FlawlessFlatbreads,8561333
2026-07-05T17:04:26.846015,2026-07-05T17:04:26.855308+00:00,160.1,3,bid,Xuanyu Liu,EarnestEspressos,8561335
2026-07-05T17:04:28.155262,2026-07-05T17:04:28.154736+00:00,160.1,8,bid,Zhangyue Shen,EarnestEspressos,8561345
2026-07-05T17:04:28.427040,2026-07-05T17:04:28.434350+00:00,160.1,8,bid,Zhangyue Shen,EarnestEspressos,8561348
2026-07-05T17:04:28.589973,2026-07-05T17:04:28.601571+00:00,160.1,25,bid,Harold Schneider,EarnestEspressos,8561353
2026-07-05T17:04:28.682141,2026-07-05T17:04:28.689221+00:00,160.1,50,bid,FlawlessFlatbreads,EarnestEspressos,8561357
2026-07-05T17:04:30.839409,2026-07-05T17:04:30.851277+00:00,160.0,50,ask,EarnestEspressos,FlawlessFlatbreads,8561380
2026-07-05T17:04:32.948377,2026-07-05T17:04:32.958605+00:00,160.0,8,ask,Zhangyue Shen,FlawlessFlatbreads,8561419
2026-07-05T17:04:32.948377,2026-07-05T17:04:32.958605+00:00,159.8,42,ask,DiligentDonuts,FlawlessFlatbreads,8561420
2026-07-05T17:04:33.609969,2026-07-05T17:04:33.616792+00:00,160.2,13,bid,Harold Schneider,EarnestEspressos,8561430
2026-07-05T17:04:35.055839,2026-07-05T17:04:35.052701+00:00,159.8,50,ask,DiligentDonuts,FlawlessFlatbreads,8561445
2026-07-05T17:04:37.112666,2026-07-05T17:04:37.120284+00:00,160.1,10,bid,FlawlessFlatbreads,Harold Schneider,8561471
2026-07-05T17:04:37.112666,2026-07-05T17:04:37.125285+00:00,160.1,40,bid,FlawlessFlatbreads,DiligentDonuts,8561472
2026-07-05T17:04:37.149580,2026-07-05T17:04:37.158389+00:00,160.1,42,bid,CostlyCorianders,DiligentDonuts,8561476
2026-07-05T17:04:38.537844,2026-07-05T17:04:38.548029+00:00,160.1,11,bid,Xuanyu Liu,DiligentDonuts,8561498
2026-07-05T17:04:38.636225,2026-07-05T17:04:38.643658+00:00,160.1,2,bid,Harold Schneider,DiligentDonuts,8561501
2026-07-05T17:04:38.735471,2026-07-05T17:04:38.747476+00:00,160.1,5,bid,CostlyCorianders,DiligentDonuts,8561504
2026-07-05T17:04:38.735471,2026-07-05T17:04:38.747476+00:00,160.4,44,bid,CostlyCorianders,EarnestEspressos,8561505
2026-07-05T17:04:40.181842,2026-07-05T17:04:40.192941+00:00,159.9,8,ask,Zhangyue Shen,CostlyCorianders,8561521
2026-07-05T17:04:40.181842,2026-07-05T17:04:40.192941+00:00,159.9,33,ask,EarnestEspressos,CostlyCorianders,8561522
2026-07-05T17:04:40.698575,2026-07-05T17:04:40.710155+00:00,160.4,49,bid,CostlyCorianders,EarnestEspressos,8561534
2026-07-05T17:04:41.325573,2026-07-05T17:04:41.333058+00:00,160.4,50,bid,FlawlessFlatbreads,EarnestEspressos,8561543
2026-07-05T17:04:41.626414,2026-07-05T17:04:41.648940+00:00,160.4,100,bid,EarnestEspressos,DiligentDonuts,8561549
2026-07-05T17:04:41.639307,2026-07-05T17:04:41.648940+00:00,160.5,11,ask,EarnestEspressos,Xuanyu Liu,8561550
2026-07-05T17:04:42.606387,2026-07-05T17:04:42.615213+00:00,160.5,3,ask,EarnestEspressos,Xuanyu Liu,8561573
2026-07-05T17:04:43.437629,2026-07-05T17:04:43.458790+00:00,160.7,8,bid,FlawlessFlatbreads,Zhangyue Shen,8561581
2026-07-05T17:04:43.437629,2026-07-05T17:04:43.458790+00:00,161.0,42,bid,FlawlessFlatbreads,EarnestEspressos,8561582
2026-07-05T17:04:44.665773,2026-07-05T17:04:44.672919+00:00,160.5,36,ask,EarnestEspressos,CostlyCorianders,8561608
2026-07-05T17:04:44.665773,2026-07-05T17:04:44.678165+00:00,160.5,13,ask,DiligentDonuts,CostlyCorianders,8561609
2026-07-05T17:04:44.841146,2026-07-05T17:04:44.852934+00:00,160.5,87,ask,DiligentDonuts,EarnestEspressos,8561611
2026-07-05T17:04:45.550600,2026-07-05T17:04:45.562368+00:00,160.3,50,bid,FlawlessFlatbreads,EarnestEspressos,8561627
2026-07-05T17:04:46.281692,2026-07-05T17:04:46.293800+00:00,160.2,8,ask,Zhangyue Shen,CostlyCorianders,8561636
2026-07-05T17:04:47.660300,2026-07-05T17:04:47.671925+00:00,160.3,13,bid,FlawlessFlatbreads,EarnestEspressos,8561650
2026-07-05T17:04:47.660300,2026-07-05T17:04:47.671925+00:00,160.4,37,bid,FlawlessFlatbreads,DiligentDonuts,8561651
2026-07-05T17:04:47.952986,2026-07-05T17:04:47.958548+00:00,160.4,63,bid,EarnestEspressos,DiligentDonuts,8561659
2026-07-05T17:04:47.952986,2026-07-05T17:04:47.958548+00:00,160.4,8,bid,EarnestEspressos,Zhangyue Shen,8561660
2026-07-05T17:04:48.481975,2026-07-05T17:04:48.493982+00:00,160.8,8,bid,CostlyCorianders,Zhangyue Shen,8561674
2026-07-05T17:04:49.818197,2026-07-05T17:04:49.830167+00:00,160.4,50,ask,EarnestEspressos,FlawlessFlatbreads,8561701
2026-07-05T17:04:50.499896,2026-07-05T17:04:50.512253+00:00,160.5,8,bid,CostlyCorianders,Zhangyue Shen,8561714
2026-07-05T17:04:50.499896,2026-07-05T17:04:50.512253+00:00,160.7,38,bid,CostlyCorianders,DiligentDonuts,8561715
2026-07-05T17:04:51.658279,2026-07-05T17:04:51.669962+00:00,160.6,8,bid,DiligentDonuts,Zhangyue Shen,8561728
2026-07-05T17:04:51.658279,2026-07-05T17:04:51.669962+00:00,160.6,92,bid,DiligentDonuts,EarnestEspressos,8561729
2026-07-05T17:04:51.926285,2026-07-05T17:04:51.937863+00:00,160.3,8,ask,Zhangyue Shen,FlawlessFlatbreads,8561736
2026-07-05T17:04:51.926285,2026-07-05T17:04:51.937863+00:00,160.1,42,ask,EarnestEspressos,FlawlessFlatbreads,8561737
2026-07-05T17:04:53.729686,2026-07-05T17:04:53.741202+00:00,160.6,2,bid,Harold Schneider,EarnestEspressos,8561768
2026-07-05T17:04:56.152695,2026-07-05T17:04:56.164432+00:00,160.4,50,ask,EarnestEspressos,FlawlessFlatbreads,8561801
2026-07-05T17:04:56.157186,2026-07-05T17:04:56.164432+00:00,160.8,8,bid,CostlyCorianders,Zhangyue Shen,8561802
2026-07-05T17:04:56.157186,2026-07-05T17:04:56.170061+00:00,160.8,40,bid,CostlyCorianders,DiligentDonuts,8561803
2026-07-05T17:04:56.764977,2026-07-05T17:04:56.776694+00:00,160.4,42,ask,EarnestEspressos,CostlyCorianders,8561823
2026-07-05T17:04:57.500827,2026-07-05T17:04:57.512755+00:00,160.4,8,ask,Zhangyue Shen,EarnestEspressos,8561828
2026-07-05T17:04:57.500827,2026-07-05T17:04:57.512755+00:00,160.3,100,ask,DiligentDonuts,EarnestEspressos,8561829
2026-07-05T17:04:58.289069,2026-07-05T17:04:58.298134+00:00,160.0,50,ask,DiligentDonuts,FlawlessFlatbreads,8561844
2026-07-05T17:04:58.747920,2026-07-05T17:04:58.755536+00:00,160.3,4,bid,Harold Schneider,EarnestEspressos,8561851
2026-07-05T17:04:58.761342,2026-07-05T17:04:58.771111+00:00,160.3,2,bid,Harold Schneider,EarnestEspressos,8561852
2026-07-05T17:05:00.049665,2026-07-05T17:05:00.064585+00:00,160.3,3,bid,Xuanyu Liu,EarnestEspressos,8561877
2026-07-05T17:05:00.342664,2026-07-05T17:05:00.354265+00:00,160.3,33,bid,CostlyCorianders,EarnestEspressos,8561881
2026-07-05T17:05:00.342664,2026-07-05T17:05:00.354265+00:00,160.5,7,bid,CostlyCorianders,DiligentDonuts,8561882
2026-07-05T17:05:00.399292,2026-07-05T17:05:00.411141+00:00,160.2,8,ask,Zhangyue Shen,FlawlessFlatbreads,8561883
2026-07-05T17:05:00.399292,2026-07-05T17:05:00.411141+00:00,160.0,42,ask,DiligentDonuts,FlawlessFlatbreads,8561884
2026-07-05T17:05:00.611719,2026-07-05T17:05:00.623441+00:00,160.5,93,bid,EarnestEspressos,DiligentDonuts,8561888
2026-07-05T17:05:00.647744,2026-07-05T17:05:00.656808+00:00,160.5,3,ask,EarnestEspressos,Xuanyu Liu,8561889
2026-07-05T17:05:02.517186,2026-07-05T17:05:02.529162+00:00,160.5,50,ask,EarnestEspressos,FlawlessFlatbreads,8561912
2026-07-05T17:05:03.232154,2026-07-05T17:05:03.240707+00:00,160.5,4,ask,EarnestEspressos,CostlyCorianders,8561923
2026-07-05T17:05:03.232154,2026-07-05T17:05:03.246212+00:00,160.5,8,ask,Zhangyue Shen,CostlyCorianders,8561924
2026-07-05T17:05:03.232154,2026-07-05T17:05:03.246212+00:00,160.2,29,ask,DiligentDonuts,CostlyCorianders,8561925
2026-07-05T17:05:03.819729,2026-07-05T17:05:03.831612+00:00,160.6,10,bid,CostlyCorianders,Harold Schneider,8561939
2026-07-05T17:05:03.819729,2026-07-05T17:05:03.831612+00:00,160.7,30,bid,CostlyCorianders,DiligentDonuts,8561940
2026-07-05T17:05:04.626146,2026-07-05T17:05:04.634210+00:00,160.3,8,ask,Zhangyue Shen,FlawlessFlatbreads,8561951
2026-07-05T17:05:04.626146,2026-07-05T17:05:04.639222+00:00,160.3,42,ask,DiligentDonuts,FlawlessFlatbreads,8561952
2026-07-05T17:05:05.492853,2026-07-05T17:05:05.501017+00:00,160.5,43,bid,CostlyCorianders,EarnestEspressos,8561965
2026-07-05T17:05:06.098560,2026-07-05T17:05:06.109783+00:00,160.5,3,bid,Xuanyu Liu,EarnestEspressos,8561984
2026-07-05T17:05:06.747631,2026-07-05T17:05:06.754139+00:00,160.3,50,ask,DiligentDonuts,FlawlessFlatbreads,8561992
2026-07-05T17:05:07.259659,2026-07-05T17:05:07.271808+00:00,160.3,8,ask,DiligentDonuts,CostlyCorianders,8562001
2026-07-05T17:05:07.259659,2026-07-05T17:05:07.271808+00:00,160.2,40,ask,EarnestEspressos,CostlyCorianders,8562002
2026-07-05T17:05:08.361509,2026-07-05T17:05:08.373299+00:00,160.5,46,bid,CostlyCorianders,DiligentDonuts,8562017
2026-07-05T17:05:08.788549,2026-07-05T17:05:08.800224+00:00,160.5,2,bid,Harold Schneider,DiligentDonuts,8562024
2026-07-05T17:05:08.864103,2026-07-05T17:05:08.875984+00:00,160.2,50,ask,EarnestEspressos,FlawlessFlatbreads,8562027
2026-07-05T17:05:10.159514,2026-07-05T17:05:10.168688+00:00,160.2,11,bid,Xuanyu Liu,EarnestEspressos,8562042
2026-07-05T17:05:11.010502,2026-07-05T17:05:11.023140+00:00,160.0,50,ask,DiligentDonuts,FlawlessFlatbreads,8562058
2026-07-05T17:05:12.490613,2026-07-05T17:05:12.497708+00:00,160.0,41,ask,DiligentDonuts,CostlyCorianders,8562080
2026-07-05T17:05:12.765567,2026-07-05T17:05:12.775599+00:00,160.2,12,bid,Xuanyu Liu,EarnestEspressos,8562084
2026-07-05T17:05:13.065599,2026-07-05T17:05:13.077372+00:00,160.2,50,bid,FlawlessFlatbreads,EarnestEspressos,8562089
2026-07-05T17:05:13.809960,2026-07-05T17:05:13.819127+00:00,160.6,2,bid,Harold Schneider,EarnestEspressos,8562111
2026-07-05T17:05:14.032620,2026-07-05T17:05:14.044134+00:00,160.4,44,bid,CostlyCorianders,DiligentDonuts,8562116
2026-07-05T17:05:15.193295,2026-07-05T17:05:15.203865+00:00,160.4,50,bid,FlawlessFlatbreads,DiligentDonuts,8562135
2026-07-05T17:05:15.452743,2026-07-05T17:05:15.453579+00:00,160.1,44,ask,EarnestEspressos,CostlyCorianders,8562142
2026-07-05T17:05:16.023203,2026-07-05T17:05:16.035136+00:00,160.1,43,ask,EarnestEspressos,CostlyCorianders,8562151
2026-07-05T17:05:16.953988,2026-07-05T17:05:16.965694+00:00,160.4,100,bid,DiligentDonuts,EarnestEspressos,8562163
2026-07-05T17:05:17.300035,2026-07-05T17:05:17.311361+00:00,160.4,50,bid,FlawlessFlatbreads,EarnestEspressos,8562172
2026-07-05T17:05:18.632032,2026-07-05T17:05:18.644065+00:00,160.9,45,bid,CostlyCorianders,DiligentDonuts,8562192
2026-07-05T17:05:18.833592,2026-07-05T17:05:18.842183+00:00,160.9,2,bid,Harold Schneider,DiligentDonuts,8562195
2026-07-05T17:05:19.418315,2026-07-05T17:05:19.429102+00:00,160.9,50,bid,FlawlessFlatbreads,DiligentDonuts,8562203
2026-07-05T17:05:19.580806,2026-07-05T17:05:19.590358+00:00,160.9,3,bid,EarnestEspressos,DiligentDonuts,8562207
2026-07-05T17:05:20.648195,2026-07-05T17:05:20.660426+00:00,161.0,26,ask,EarnestEspressos,Xuanyu Liu,8562231
2026-07-05T17:05:21.526321,2026-07-05T17:05:21.538416+00:00,161.3,8,bid,FlawlessFlatbreads,Zhangyue Shen,8562245
2026-07-05T17:05:21.526321,2026-07-05T17:05:21.538416+00:00,161.4,42,bid,FlawlessFlatbreads,DiligentDonuts,8562246
2026-07-05T17:05:22.494520,2026-07-05T17:05:22.506088+00:00,161.0,47,ask,EarnestEspressos,CostlyCorianders,8562257
2026-07-05T17:05:22.797408,2026-07-05T17:05:22.809537+00:00,161.0,8,ask,Zhangyue Shen,EarnestEspressos,8562259
2026-07-05T17:05:23.068490,2026-07-05T17:05:23.075257+00:00,161.0,45,bid,CostlyCorianders,EarnestEspressos,8562263
2026-07-05T17:05:23.853428,2026-07-05T17:05:23.858571+00:00,161.0,2,bid,Harold Schneider,EarnestEspressos,8562272
2026-07-05T17:05:27.922050,2026-07-05T17:05:27.934041+00:00,160.7,50,ask,EarnestEspressos,FlawlessFlatbreads,8562330
2026-07-05T17:05:30.032617,2026-07-05T17:05:30.040653+00:00,160.7,50,ask,DiligentDonuts,FlawlessFlatbreads,8562347
2026-07-05T17:05:31.532027,2026-07-05T17:05:31.541656+00:00,161.0,3,bid,Xuanyu Liu,EarnestEspressos,8562368
2026-07-05T17:05:32.144596,2026-07-05T17:05:32.153432+00:00,160.7,50,ask,DiligentDonuts,FlawlessFlatbreads,8562379
2026-07-05T17:05:33.044706,2026-07-05T17:05:33.053598+00:00,161.0,11,bid,Xuanyu Liu,DiligentDonuts,8562391
2026-07-05T17:05:33.778422,2026-07-05T17:05:33.787791+00:00,161.0,44,bid,CostlyCorianders,DiligentDonuts,8562403
2026-07-05T17:05:33.890109,2026-07-05T17:05:33.899859+00:00,161.0,2,bid,Harold Schneider,DiligentDonuts,8562409
2026-07-05T17:05:33.906306,2026-07-05T17:05:33.914858+00:00,161.0,10,bid,Xuanyu Liu,DiligentDonuts,8562410
2026-07-05T17:05:34.201576,2026-07-05T17:05:34.211925+00:00,161.0,33,bid,FlawlessFlatbreads,DiligentDonuts,8562416
2026-07-05T17:05:34.201576,2026-07-05T17:05:34.211925+00:00,161.2,17,bid,FlawlessFlatbreads,EarnestEspressos,8562417
2026-07-05T17:05:34.718154,2026-07-05T17:05:34.729804+00:00,160.7,41,ask,EarnestEspressos,CostlyCorianders,8562424
2026-07-05T17:05:36.319695,2026-07-05T17:05:36.331507+00:00,161.2,50,bid,FlawlessFlatbreads,EarnestEspressos,8562446
2026-07-05T17:05:37.084614,2026-07-05T17:05:37.091958+00:00,161.2,41,bid,CostlyCorianders,EarnestEspressos,8562460
2026-07-05T17:05:37.646159,2026-07-05T17:05:37.658626+00:00,161.0,49,ask,DiligentDonuts,CostlyCorianders,8562466
2026-07-05T17:05:38.429488,2026-07-05T17:05:38.437019+00:00,161.2,50,bid,FlawlessFlatbreads,EarnestEspressos,8562479
2026-07-05T17:05:38.570172,2026-07-05T17:05:38.579817+00:00,161.4,21,ask,EarnestEspressos,Xuanyu Liu,8562482
2026-07-05T17:05:39.115203,2026-07-05T17:05:39.125207+00:00,161.4,3,ask,EarnestEspressos,Xuanyu Liu,8562496
2026-07-05T17:05:39.161806,2026-07-05T17:05:39.173579+00:00,161.4,100,ask,EarnestEspressos,DiligentDonuts,8562498
2026-07-05T17:05:40.539053,2026-07-05T17:05:40.549392+00:00,161.6,8,bid,FlawlessFlatbreads,Zhangyue Shen,8562508
2026-07-05T17:05:40.539053,2026-07-05T17:05:40.549392+00:00,161.9,42,bid,FlawlessFlatbreads,EarnestEspressos,8562509
2026-07-05T17:05:43.569131,2026-07-05T17:05:43.576353+00:00,161.1,8,ask,Zhangyue Shen,CostlyCorianders,8562558
2026-07-05T17:05:43.569131,2026-07-05T17:05:43.581602+00:00,161.1,32,ask,DiligentDonuts,CostlyCorianders,8562559
2026-07-05T17:05:44.862729,2026-07-05T17:05:44.880025+00:00,161.1,50,ask,DiligentDonuts,FlawlessFlatbreads,8562586
2026-07-05T17:05:46.068569,2026-07-05T17:05:46.079269+00:00,161.4,41,bid,CostlyCorianders,DiligentDonuts,8562617
2026-07-05T17:05:46.694978,2026-07-05T17:05:46.701935+00:00,161.4,47,bid,CostlyCorianders,DiligentDonuts,8562624
2026-07-05T17:05:46.972234,2026-07-05T17:05:46.980489+00:00,161.0,50,ask,EarnestEspressos,FlawlessFlatbreads,8562626
2026-07-05T17:05:51.192624,2026-07-05T17:05:51.204178+00:00,161.3,50,ask,DiligentDonuts,FlawlessFlatbreads,8562684
2026-07-05T17:05:52.120884,2026-07-05T17:05:52.132645+00:00,161.2,49,ask,DiligentDonuts,CostlyCorianders,8562697
2026-07-05T17:05:53.248121,2026-07-05T17:05:53.258574+00:00,161.5,50,bid,FlawlessFlatbreads,EarnestEspressos,8562712
2026-07-05T17:05:54.216684,2026-07-05T17:05:54.228293+00:00,161.2,44,ask,DiligentDonuts,CostlyCorianders,8562739
2026-07-05T17:05:55.432795,2026-07-05T17:05:55.444528+00:00,161.1,50,ask,EarnestEspressos,FlawlessFlatbreads,8562754
2026-07-05T17:05:55.740156,2026-07-05T17:05:55.746722+00:00,161.2,45,bid,CostlyCorianders,DiligentDonuts,8562755
2026-07-05T17:05:55.793983,2026-07-05T17:05:55.801327+00:00,161.1,47,ask,EarnestEspressos,CostlyCorianders,8562762
2026-07-05T17:05:57.280195,2026-07-05T17:05:57.288891+00:00,161.2,48,bid,CostlyCorianders,DiligentDonuts,8562785
2026-07-05T17:05:57.540932,2026-07-05T17:05:57.558731+00:00,160.7,50,ask,DiligentDonuts,FlawlessFlatbreads,8562786
2026-07-05T17:05:57.648667,2026-07-05T17:05:57.657469+00:00,161.0,14,bid,Xuanyu Liu,EarnestEspressos,8562789
2026-07-05T17:06:00.799785,2026-07-05T17:06:00.811801+00:00,160.9,100,ask,DiligentDonuts,EarnestEspressos,8562840
2026-07-05T17:06:01.753743,2026-07-05T17:06:01.764434+00:00,160.4,50,ask,EarnestEspressos,FlawlessFlatbreads,8562860
2026-07-05T17:06:01.987124,2026-07-05T17:06:01.999115+00:00,160.4,47,ask,EarnestEspressos,CostlyCorianders,8562864
2026-07-05T17:06:03.861172,2026-07-05T17:06:03.870271+00:00,160.4,50,ask,DiligentDonuts,FlawlessFlatbreads,8562881
2026-07-05T17:06:04.494692,2026-07-05T17:06:04.504911+00:00,160.4,12,bid,Xuanyu Liu,DiligentDonuts,8562892
2026-07-05T17:06:05.979006,2026-07-05T17:06:05.989450+00:00,160.0,50,ask,EarnestEspressos,FlawlessFlatbreads,8562910
2026-07-05T17:06:07.529793,2026-07-05T17:06:07.538429+00:00,160.2,44,bid,CostlyCorianders,EarnestEspressos,8562936
2026-07-05T17:06:07.870428,2026-07-05T17:06:07.879276+00:00,160.2,11,bid,Xuanyu Liu,EarnestEspressos,8562938
2026-07-05T17:06:08.088112,2026-07-05T17:06:08.097286+00:00,159.7,50,ask,EarnestEspressos,FlawlessFlatbreads,8562945
2026-07-05T17:06:09.194529,2026-07-05T17:06:09.205006+00:00,160.2,12,bid,Xuanyu Liu,EarnestEspressos,8562968
2026-07-05T17:06:09.383793,2026-07-05T17:06:09.393019+00:00,160.2,22,bid,Xuanyu Liu,EarnestEspressos,8562972
2026-07-05T17:06:10.197632,2026-07-05T17:06:10.209488+00:00,159.7,50,ask,DiligentDonuts,FlawlessFlatbreads,8562985
2026-07-05T17:06:11.884000,2026-07-05T17:06:11.890796+00:00,160.1,44,ask,EarnestEspressos,CostlyCorianders,8563009
2026-07-05T17:06:12.303668,2026-07-05T17:06:12.313977+00:00,160.1,50,ask,EarnestEspressos,FlawlessFlatbreads,8563016
2026-07-05T17:06:14.109389,2026-07-05T17:06:14.121207+00:00,160.3,45,bid,CostlyCorianders,EarnestEspressos,8563049
2026-07-05T17:06:14.359463,2026-07-05T17:06:14.371539+00:00,160.3,50,bid,FlawlessFlatbreads,EarnestEspressos,8563056
2026-07-05T17:06:15.242683,2026-07-05T17:06:15.254525+00:00,160.3,46,bid,CostlyCorianders,EarnestEspressos,8563062
2026-07-05T17:06:16.522755,2026-07-05T17:06:16.530416+00:00,159.8,50,ask,DiligentDonuts,FlawlessFlatbreads,8563088
2026-07-05T17:06:16.586975,2026-07-05T17:06:16.599122+00:00,160.2,11,ask,EarnestEspressos,Xuanyu Liu,8563089
2026-07-05T17:06:16.813415,2026-07-05T17:06:16.822782+00:00,160.2,41,ask,EarnestEspressos,CostlyCorianders,8563092
2026-07-05T17:06:17.136331,2026-07-05T17:06:17.147949+00:00,160.2,98,ask,EarnestEspressos,DiligentDonuts,8563097
2026-07-05T17:06:17.149230,2026-07-05T17:06:17.159677+00:00,160.0,2,bid,Xuanyu Liu,DiligentDonuts,8563098
2026-07-05T17:06:19.017373,2026-07-05T17:06:19.029274+00:00,160.7,46,bid,CostlyCorianders,EarnestEspressos,8563124
2026-07-05T17:06:21.678784,2026-07-05T17:06:21.685575+00:00,159.9,45,ask,DiligentDonuts,CostlyCorianders,8563164
2026-07-05T17:06:23.351892,2026-07-05T17:06:23.358535+00:00,160.0,47,bid,CostlyCorianders,EarnestEspressos,8563188
2026-07-05T17:06:24.965700,2026-07-05T17:06:24.976728+00:00,160.0,43,bid,CostlyCorianders,EarnestEspressos,8563218
2026-07-05T17:06:26.621523,2026-07-05T17:06:26.629743+00:00,159.9,40,ask,EarnestEspressos,CostlyCorianders,8563236
2026-07-05T17:06:27.048456,2026-07-05T17:06:27.057423+00:00,159.9,50,ask,EarnestEspressos,FlawlessFlatbreads,8563241
2026-07-05T17:06:27.188570,2026-07-05T17:06:27.200735+00:00,159.9,41,ask,EarnestEspressos,CostlyCorianders,8563244
2026-07-05T17:06:28.718058,2026-07-05T17:06:28.727401+00:00,159.9,2,ask,EarnestEspressos,Xuanyu Liu,8563274
2026-07-05T17:06:29.156013,2026-07-05T17:06:29.158609+00:00,159.9,17,ask,EarnestEspressos,FlawlessFlatbreads,8563280
2026-07-05T17:06:29.156013,2026-07-05T17:06:29.169251+00:00,159.6,33,ask,DiligentDonuts,FlawlessFlatbreads,8563281
2026-07-05T17:06:34.112308,2026-07-05T17:06:34.123196+00:00,159.6,11,bid,Xuanyu Liu,DiligentDonuts,8563355
2026-07-05T17:06:34.319046,2026-07-05T17:06:34.326389+00:00,159.6,39,bid,CostlyCorianders,DiligentDonuts,8563361
2026-07-05T17:06:34.319046,2026-07-05T17:06:34.331399+00:00,159.7,3,bid,CostlyCorianders,EarnestEspressos,8563362
2026-07-05T17:06:35.408088,2026-07-05T17:06:35.417080+00:00,159.2,49,ask,EarnestEspressos,CostlyCorianders,8563383
2026-07-05T17:06:35.482499,2026-07-05T17:06:35.494210+00:00,159.2,50,ask,EarnestEspressos,FlawlessFlatbreads,8563384
2026-07-05T17:06:35.627563,2026-07-05T17:06:35.636126+00:00,159.2,29,bid,Xuanyu Liu,EarnestEspressos,8563385
2026-07-05T17:06:36.052436,2026-07-05T17:06:36.069589+00:00,159.2,100,bid,DiligentDonuts,EarnestEspressos,8563398
2026-07-05T17:06:37.606327,2026-07-05T17:06:37.617525+00:00,158.7,50,ask,EarnestEspressos,FlawlessFlatbreads,8563424
2026-07-05T17:06:39.713807,2026-07-05T17:06:39.725550+00:00,159.0,50,ask,DiligentDonuts,FlawlessFlatbreads,8563452
2026-07-05T17:06:39.995320,2026-07-05T17:06:40.005983+00:00,159.3,45,bid,CostlyCorianders,EarnestEspressos,8563453
2026-07-05T17:06:41.093454,2026-07-05T17:06:41.105341+00:00,159.3,47,bid,CostlyCorianders,EarnestEspressos,8563473
2026-07-05T17:06:41.787136,2026-07-05T17:06:41.795364+00:00,159.3,50,bid,FlawlessFlatbreads,EarnestEspressos,8563484
2026-07-05T17:06:41.914640,2026-07-05T17:06:41.923159+00:00,159.3,17,ask,EarnestEspressos,Xuanyu Liu,8563487
2026-07-05T17:06:42.442909,2026-07-05T17:06:42.458587+00:00,159.3,100,ask,EarnestEspressos,DiligentDonuts,8563504
2026-07-05T17:06:43.275339,2026-07-05T17:06:43.287437+00:00,159.3,33,ask,EarnestEspressos,CostlyCorianders,8563512
2026-07-05T17:06:43.275339,2026-07-05T17:06:43.287437+00:00,158.8,9,ask,DiligentDonuts,CostlyCorianders,8563513
2026-07-05T17:06:43.901866,2026-07-05T17:06:43.913641+00:00,159.8,50,bid,FlawlessFlatbreads,EarnestEspressos,8563523
2026-07-05T17:06:46.030718,2026-07-05T17:06:46.038870+00:00,159.6,50,bid,FlawlessFlatbreads,EarnestEspressos,8563543
2026-07-05T17:06:46.376242,2026-07-05T17:06:46.388239+00:00,159.2,49,ask,DiligentDonuts,CostlyCorianders,8563549
2026-07-05T17:06:48.136502,2026-07-05T17:06:48.143442+00:00,159.6,50,bid,FlawlessFlatbreads,EarnestEspressos,8563572
2026-07-05T17:06:48.577376,2026-07-05T17:06:48.585431+00:00,159.3,23,ask,EarnestEspressos,Xuanyu Liu,8563586
2026-07-05T17:06:48.768378,2026-07-05T17:06:48.780242+00:00,159.3,100,ask,EarnestEspressos,DiligentDonuts,8563594
2026-07-05T17:06:48.892778,2026-07-05T17:06:48.905161+00:00,159.8,48,bid,CostlyCorianders,EarnestEspressos,8563595
2026-07-05T17:06:49.946054,2026-07-05T17:06:49.958562+00:00,159.3,27,ask,EarnestEspressos,CostlyCorianders,8563609
2026-07-05T17:06:51.923662,2026-07-05T17:06:51.935334+00:00,159.0,43,ask,DiligentDonuts,CostlyCorianders,8563643
2026-07-05T17:06:52.368087,2026-07-05T17:06:52.375546+00:00,159.4,50,bid,FlawlessFlatbreads,EarnestEspressos,8563649
2026-07-05T17:06:54.503459,2026-07-05T17:06:54.510795+00:00,159.4,50,bid,FlawlessFlatbreads,EarnestEspressos,8563681
2026-07-05T17:06:55.102377,2026-07-05T17:06:55.111133+00:00,159.4,100,ask,EarnestEspressos,DiligentDonuts,8563697
2026-07-05T17:06:56.609990,2026-07-05T17:06:56.618971+00:00,159.9,50,bid,FlawlessFlatbreads,EarnestEspressos,8563714
2026-07-05T17:06:57.532744,2026-07-05T17:06:57.544488+00:00,159.9,48,bid,CostlyCorianders,EarnestEspressos,8563731
2026-07-05T17:06:57.741299,2026-07-05T17:06:57.749892+00:00,159.6,11,ask,EarnestEspressos,Xuanyu Liu,8563737
2026-07-05T17:06:58.741260,2026-07-05T17:06:58.750725+00:00,159.9,50,bid,FlawlessFlatbreads,DiligentDonuts,8563749
2026-07-05T17:07:00.605887,2026-07-05T17:07:00.617892+00:00,159.6,44,ask,EarnestEspressos,CostlyCorianders,8563787
2026-07-05T17:07:00.852363,2026-07-05T17:07:00.864422+00:00,159.9,50,bid,FlawlessFlatbreads,DiligentDonuts,8563791
2026-07-05T17:07:01.383740,2026-07-05T17:07:01.392375+00:00,159.7,12,ask,DiligentDonuts,Xuanyu Liu,8563805
2026-07-05T17:07:02.654523,2026-07-05T17:07:02.666043+00:00,159.8,46,bid,CostlyCorianders,EarnestEspressos,8563818
2026-07-05T17:07:02.964550,2026-07-05T17:07:02.974928+00:00,159.8,50,bid,FlawlessFlatbreads,EarnestEspressos,8563825
2026-07-05T17:07:05.072308,2026-07-05T17:07:05.082211+00:00,160.3,50,bid,FlawlessFlatbreads,DiligentDonuts,8563860
2026-07-05T17:07:06.215729,2026-07-05T17:07:06.224511+00:00,159.9,11,ask,EarnestEspressos,Xuanyu Liu,8563884
2026-07-05T17:07:07.203179,2026-07-05T17:07:07.212712+00:00,160.3,50,bid,FlawlessFlatbreads,DiligentDonuts,8563904
2026-07-05T17:07:07.577757,2026-07-05T17:07:07.591713+00:00,160.0,43,ask,EarnestEspressos,CostlyCorianders,8563914
2026-07-05T17:07:07.720483,2026-07-05T17:07:07.730444+00:00,160.2,23,ask,DiligentDonuts,Xuanyu Liu,8563920
2026-07-05T17:07:09.361520,2026-07-05T17:07:09.373149+00:00,160.2,50,ask,DiligentDonuts,FlawlessFlatbreads,8563950
2026-07-05T17:07:10.249175,2026-07-05T17:07:10.258597+00:00,160.2,27,ask,DiligentDonuts,CostlyCorianders,8563966
2026-07-05T17:07:10.249175,2026-07-05T17:07:10.258597+00:00,160.0,20,ask,EarnestEspressos,CostlyCorianders,8563967
2026-07-05T17:07:10.737457,2026-07-05T17:07:10.745133+00:00,160.1,43,bid,CostlyCorianders,EarnestEspressos,8563972
2026-07-05T17:07:11.469050,2026-07-05T17:07:11.475233+00:00,159.8,50,ask,DiligentDonuts,FlawlessFlatbreads,8563984
2026-07-05T17:07:11.775087,2026-07-05T17:07:11.786822+00:00,160.1,49,bid,CostlyCorianders,EarnestEspressos,8563990
2026-07-05T17:07:12.181563,2026-07-05T17:07:12.191523+00:00,160.1,11,bid,Xuanyu Liu,EarnestEspressos,8563999
2026-07-05T17:07:13.575356,2026-07-05T17:07:13.587103+00:00,160.0,50,ask,EarnestEspressos,FlawlessFlatbreads,8564021
2026-07-05T17:07:15.681166,2026-07-05T17:07:15.690070+00:00,160.0,50,ask,EarnestEspressos,FlawlessFlatbreads,8564051
2026-07-05T17:07:16.366212,2026-07-05T17:07:16.378134+00:00,160.0,42,ask,EarnestEspressos,CostlyCorianders,8564066
2026-07-05T17:07:17.337068,2026-07-05T17:07:17.349170+00:00,159.7,46,ask,DiligentDonuts,CostlyCorianders,8564080
2026-07-05T17:07:17.787764,2026-07-05T17:07:17.798248+00:00,159.7,50,ask,DiligentDonuts,FlawlessFlatbreads,8564083
2026-07-05T17:07:17.926909,2026-07-05T17:07:17.936667+00:00,160.0,43,bid,CostlyCorianders,EarnestEspressos,8564087
2026-07-05T17:07:19.064237,2026-07-05T17:07:19.075886+00:00,159.7,4,ask,DiligentDonuts,CostlyCorianders,8564108
2026-07-05T17:07:19.064237,2026-07-05T17:07:19.075886+00:00,159.5,45,ask,EarnestEspressos,CostlyCorianders,8564109
2026-07-05T17:07:19.918126,2026-07-05T17:07:19.927065+00:00,159.1,50,ask,EarnestEspressos,FlawlessFlatbreads,8564124
2026-07-05T17:07:20.059566,2026-07-05T17:07:20.068876+00:00,159.6,12,bid,Xuanyu Liu,EarnestEspressos,8564128
2026-07-05T17:07:21.372162,2026-07-05T17:07:21.381117+00:00,159.6,11,bid,Xuanyu Liu,EarnestEspressos,8564148
2026-07-05T17:07:24.063185,2026-07-05T17:07:24.074633+00:00,159.3,44,bid,CostlyCorianders,DiligentDonuts,8564186
2026-07-05T17:07:24.077772,2026-07-05T17:07:24.089264+00:00,159.3,50,bid,FlawlessFlatbreads,DiligentDonuts,8564187
2026-07-05T17:07:26.612698,2026-07-05T17:07:26.622271+00:00,159.3,6,bid,Xuanyu Liu,DiligentDonuts,8564217
2026-07-05T17:07:28.374423,2026-07-05T17:07:28.382980+00:00,159.3,50,ask,DiligentDonuts,FlawlessFlatbreads,8564245
2026-07-05T17:07:28.546728,2026-07-05T17:07:28.558902+00:00,159.4,48,bid,CostlyCorianders,EarnestEspressos,8564246
2026-07-05T17:07:29.020595,2026-07-05T17:07:29.032183+00:00,159.3,6,ask,DiligentDonuts,Xuanyu Liu,8564249
2026-07-05T17:07:29.883796,2026-07-05T17:07:29.893101+00:00,159.1,100,ask,EarnestEspressos,DiligentDonuts,8564267
2026-07-05T17:07:30.481037,2026-07-05T17:07:30.492963+00:00,159.1,50,ask,EarnestEspressos,FlawlessFlatbreads,8564280
2026-07-05T17:07:32.582626,2026-07-05T17:07:32.596341+00:00,158.7,34,bid,Xuanyu Liu,EarnestEspressos,8564307
2026-07-05T17:07:32.589187,2026-07-05T17:07:32.596341+00:00,158.5,50,ask,DiligentDonuts,FlawlessFlatbreads,8564309
2026-07-05T17:07:32.993702,2026-07-05T17:07:33.005350+00:00,158.7,100,bid,DiligentDonuts,EarnestEspressos,8564323
2026-07-05T17:07:33.159453,2026-07-05T17:07:33.169667+00:00,158.7,12,bid,Xuanyu Liu,EarnestEspressos,8564328
2026-07-05T17:07:35.921008,2026-07-05T17:07:35.933045+00:00,158.6,42,ask,EarnestEspressos,CostlyCorianders,8564376
2026-07-05T17:07:37.101198,2026-07-05T17:07:37.110328+00:00,158.6,12,ask,EarnestEspressos,Xuanyu Liu,8564393
2026-07-05T17:07:38.410217,2026-07-05T17:07:38.420537+00:00,158.6,11,ask,EarnestEspressos,Xuanyu Liu,8564420
2026-07-05T17:07:39.722629,2026-07-05T17:07:39.732039+00:00,158.6,11,bid,Xuanyu Liu,EarnestEspressos,8564448
2026-07-05T17:07:40.012903,2026-07-05T17:07:40.022074+00:00,158.6,47,bid,CostlyCorianders,EarnestEspressos,8564457
2026-07-05T17:07:40.958107,2026-07-05T17:07:40.969639+00:00,158.6,50,bid,FlawlessFlatbreads,EarnestEspressos,8564465
2026-07-05T17:07:42.019110,2026-07-05T17:07:42.037868+00:00,158.7,100,bid,EarnestEspressos,DiligentDonuts,8564482
2026-07-05T17:07:42.028995,2026-07-05T17:07:42.037868+00:00,158.7,11,ask,EarnestEspressos,Xuanyu Liu,8564483
2026-07-05T17:07:42.341825,2026-07-05T17:07:42.350610+00:00,158.7,11,ask,EarnestEspressos,Xuanyu Liu,8564490
2026-07-05T17:07:43.065351,2026-07-05T17:07:43.077152+00:00,159.1,50,bid,FlawlessFlatbreads,DiligentDonuts,8564504
2026-07-05T17:07:45.224190,2026-07-05T17:07:45.236357+00:00,158.6,50,ask,DiligentDonuts,FlawlessFlatbreads,8564532
2026-07-05T17:07:46.047966,2026-07-05T17:07:46.058537+00:00,158.6,46,ask,DiligentDonuts,CostlyCorianders,8564542
2026-07-05T17:07:46.527555,2026-07-05T17:07:46.536773+00:00,158.7,41,bid,CostlyCorianders,EarnestEspressos,8564545
2026-07-05T17:07:47.013971,2026-07-05T17:07:47.025597+00:00,158.7,47,bid,CostlyCorianders,EarnestEspressos,8564548
2026-07-05T17:07:47.332884,2026-07-05T17:07:47.339366+00:00,158.6,50,ask,DiligentDonuts,FlawlessFlatbreads,8564557
2026-07-05T17:07:49.438572,2026-07-05T17:07:49.445116+00:00,158.5,50,ask,EarnestEspressos,FlawlessFlatbreads,8564590
2026-07-05T17:07:51.781145,2026-07-05T17:07:51.793005+00:00,158.3,48,ask,DiligentDonuts,CostlyCorianders,8564622
2026-07-05T17:07:53.600573,2026-07-05T17:07:53.612540+00:00,158.7,50,bid,FlawlessFlatbreads,EarnestEspressos,8564652
2026-07-05T17:07:53.843021,2026-07-05T17:07:53.851558+00:00,158.7,43,bid,CostlyCorianders,EarnestEspressos,8564660
2026-07-05T17:07:54.668979,2026-07-05T17:07:54.680748+00:00,158.7,100,bid,EarnestEspressos,DiligentDonuts,8564676
2026-07-05T17:07:55.758853,2026-07-05T17:07:55.770893+00:00,158.7,50,ask,EarnestEspressos,FlawlessFlatbreads,8564697
2026-07-05T17:07:55.857850,2026-07-05T17:07:55.865708+00:00,158.6,46,ask,DiligentDonuts,CostlyCorianders,8564700
2026-07-05T17:07:56.729869,2026-07-05T17:07:56.741619+00:00,159.1,46,bid,CostlyCorianders,DiligentDonuts,8564711
2026-07-05T17:07:57.655509,2026-07-05T17:07:57.667217+00:00,158.6,44,ask,DiligentDonuts,CostlyCorianders,8564738
2026-07-05T17:07:57.867184,2026-07-05T17:07:57.874830+00:00,158.7,50,ask,EarnestEspressos,FlawlessFlatbreads,8564744
2026-07-05T17:07:58.832207,2026-07-05T17:07:58.843902+00:00,158.7,41,ask,EarnestEspressos,CostlyCorianders,8564765
2026-07-05T17:07:59.974853,2026-07-05T17:07:59.986746+00:00,158.7,50,ask,EarnestEspressos,FlawlessFlatbreads,8564786
2026-07-05T17:08:00.395058,2026-07-05T17:08:00.402302+00:00,159.2,42,bid,CostlyCorianders,EarnestEspressos,8564791
2026-07-05T17:08:01.047879,2026-07-05T17:08:01.094872+00:00,158.7,100,ask,DiligentDonuts,EarnestEspressos,8564805
2026-07-05T17:08:01.059526,2026-07-05T17:08:01.094872+00:00,158.5,45,bid,Xuanyu Liu,EarnestEspressos,8564806
2026-07-05T17:08:01.460311,2026-07-05T17:08:01.472095+00:00,158.5,5,bid,CostlyCorianders,EarnestEspressos,8564811
2026-07-05T17:08:02.083713,2026-07-05T17:08:02.095447+00:00,158.4,50,ask,DiligentDonuts,FlawlessFlatbreads,8564822
2026-07-05T17:08:04.131089,2026-07-05T17:08:04.142729+00:00,158.9,40,bid,CostlyCorianders,DiligentDonuts,8564839
2026-07-05T17:08:04.190858,2026-07-05T17:08:04.202481+00:00,158.7,50,ask,EarnestEspressos,FlawlessFlatbreads,8564841
2026-07-05T17:08:05.227565,2026-07-05T17:08:05.235299+00:00,158.7,49,ask,EarnestEspressos,CostlyCorianders,8564864
2026-07-05T17:08:05.805148,2026-07-05T17:08:05.815237+00:00,159.0,43,bid,CostlyCorianders,DiligentDonuts,8564869
2026-07-05T17:08:05.859122,2026-07-05T17:08:05.870743+00:00,158.7,40,ask,EarnestEspressos,CostlyCorianders,8564870
2026-07-05T17:08:06.298939,2026-07-05T17:08:06.311141+00:00,158.7,11,ask,EarnestEspressos,FlawlessFlatbreads,8564877
2026-07-05T17:08:07.811630,2026-07-05T17:08:07.820678+00:00,158.6,100,bid,DiligentDonuts,EarnestEspressos,8564907
2026-07-05T17:08:08.432047,2026-07-05T17:08:08.443807+00:00,158.6,44,bid,CostlyCorianders,EarnestEspressos,8564916
2026-07-05T17:08:08.921889,2026-07-05T17:08:08.929220+00:00,158.1,40,ask,EarnestEspressos,CostlyCorianders,8564927
2026-07-05T17:08:09.948954,2026-07-05T17:08:09.956430+00:00,158.6,6,bid,CostlyCorianders,EarnestEspressos,8564939
2026-07-05T17:08:10.461319,2026-07-05T17:08:10.468723+00:00,159.1,50,bid,FlawlessFlatbreads,DiligentDonuts,8564949
2026-07-05T17:08:11.096329,2026-07-05T17:08:11.103745+00:00,158.3,46,ask,EarnestEspressos,CostlyCorianders,8564964
2026-07-05T17:08:12.568417,2026-07-05T17:08:12.580396+00:00,158.7,50,bid,FlawlessFlatbreads,DiligentDonuts,8564976
2026-07-05T17:08:13.086964,2026-07-05T17:08:13.098689+00:00,158.7,43,bid,CostlyCorianders,DiligentDonuts,8564992
2026-07-05T17:08:14.648217,2026-07-05T17:08:14.660080+00:00,158.7,47,bid,CostlyCorianders,EarnestEspressos,8565017
2026-07-05T17:08:14.684431,2026-07-05T17:08:14.693603+00:00,158.7,50,bid,FlawlessFlatbreads,EarnestEspressos,8565019
2026-07-05T17:08:14.704144,2026-07-05T17:08:14.715975+00:00,158.6,46,ask,DiligentDonuts,CostlyCorianders,8565020
2026-07-05T17:08:16.791526,2026-07-05T17:08:16.800390+00:00,159.1,50,bid,FlawlessFlatbreads,DiligentDonuts,8565056
2026-07-05T17:08:17.190453,2026-07-05T17:08:17.200068+00:00,159.1,42,bid,CostlyCorianders,DiligentDonuts,8565061
2026-07-05T17:08:17.759500,2026-07-05T17:08:17.768431+00:00,158.7,11,ask,DiligentDonuts,Xuanyu Liu,8565068
2026-07-05T17:08:18.228594,2026-07-05T17:08:18.239696+00:00,158.7,40,ask,DiligentDonuts,CostlyCorianders,8565075
2026-07-05T17:08:18.753421,2026-07-05T17:08:18.764083+00:00,158.7,12,ask,DiligentDonuts,Xuanyu Liu,8565080
2026-07-05T17:08:18.918505,2026-07-05T17:08:18.930493+00:00,159.1,50,bid,FlawlessFlatbreads,EarnestEspressos,8565086
2026-07-05T17:08:20.378440,2026-07-05T17:08:20.387223+00:00,158.8,11,ask,EarnestEspressos,Xuanyu Liu,8565105
2026-07-05T17:08:21.025915,2026-07-05T17:08:21.037642+00:00,158.9,50,bid,FlawlessFlatbreads,DiligentDonuts,8565115
2026-07-05T17:08:21.125147,2026-07-05T17:08:21.132955+00:00,158.8,45,ask,EarnestEspressos,CostlyCorianders,8565119
2026-07-05T17:08:23.184707,2026-07-05T17:08:23.195061+00:00,158.7,50,ask,EarnestEspressos,FlawlessFlatbreads,8565158
2026-07-05T17:08:25.239590,2026-07-05T17:08:25.258629+00:00,159.2,50,bid,FlawlessFlatbreads,EarnestEspressos,8565192
2026-07-05T17:08:27.368799,2026-07-05T17:08:27.386650+00:00,159.4,50,bid,FlawlessFlatbreads,EarnestEspressos,8565220
2026-07-05T17:08:29.476084,2026-07-05T17:08:29.486976+00:00,159.5,50,bid,FlawlessFlatbreads,DiligentDonuts,8565252
2026-07-05T17:08:29.596248,2026-07-05T17:08:29.605290+00:00,159.2,11,ask,EarnestEspressos,Xuanyu Liu,8565257
2026-07-05T17:08:31.582003,2026-07-05T17:08:31.593731+00:00,159.5,50,bid,FlawlessFlatbreads,DiligentDonuts,8565289
2026-07-05T17:08:33.278566,2026-07-05T17:08:33.290640+00:00,159.5,23,ask,DiligentDonuts,Xuanyu Liu,8565319
2026-07-05T17:08:33.558234,2026-07-05T17:08:33.570011+00:00,159.5,44,ask,DiligentDonuts,CostlyCorianders,8565322
2026-07-05T17:08:33.688637,2026-07-05T17:08:33.699715+00:00,159.7,50,bid,FlawlessFlatbreads,EarnestEspressos,8565324
2026-07-05T17:08:34.400892,2026-07-05T17:08:34.413248+00:00,159.7,11,bid,Xuanyu Liu,EarnestEspressos,8565334
2026-07-05T17:08:35.629972,2026-07-05T17:08:35.640019+00:00,159.7,12,bid,Xuanyu Liu,EarnestEspressos,8565361
2026-07-05T17:08:35.797203,2026-07-05T17:08:35.807505+00:00,160.0,50,bid,FlawlessFlatbreads,DiligentDonuts,8565364
2026-07-05T17:08:35.803135,2026-07-05T17:08:35.812532+00:00,160.0,50,bid,EarnestEspressos,DiligentDonuts,8565365
2026-07-05T17:08:36.146129,2026-07-05T17:08:36.155268+00:00,160.2,46,ask,EarnestEspressos,Xuanyu Liu,8565371
2026-07-05T17:08:36.231855,2026-07-05T17:08:36.242158+00:00,160.2,45,ask,EarnestEspressos,CostlyCorianders,8565373
2026-07-05T17:08:39.017524,2026-07-05T17:08:39.040198+00:00,159.9,100,ask,DiligentDonuts,EarnestEspressos,8565406
2026-07-05T17:08:39.030248,2026-07-05T17:08:39.040198+00:00,159.8,34,bid,Xuanyu Liu,EarnestEspressos,8565407
2026-07-05T17:08:40.064374,2026-07-05T17:08:40.071916+00:00,159.6,50,ask,DiligentDonuts,FlawlessFlatbreads,8565425
2026-07-05T17:08:42.171930,2026-07-05T17:08:42.180484+00:00,159.7,50,ask,EarnestEspressos,FlawlessFlatbreads,8565470
2026-07-05T17:08:43.486376,2026-07-05T17:08:43.496622+00:00,159.8,12,bid,Xuanyu Liu,DiligentDonuts,8565499
2026-07-05T17:08:43.489394,2026-07-05T17:08:43.496622+00:00,159.8,43,bid,CostlyCorianders,DiligentDonuts,8565500
2026-07-05T17:08:44.089152,2026-07-05T17:08:44.102609+00:00,159.8,41,bid,CostlyCorianders,DiligentDonuts,8565510
2026-07-05T17:08:44.089269,2026-07-05T17:08:44.102609+00:00,159.8,4,bid,Xuanyu Liu,DiligentDonuts,8565511
2026-07-05T17:08:44.279343,2026-07-05T17:08:44.285881+00:00,159.7,50,ask,EarnestEspressos,FlawlessFlatbreads,8565518
2026-07-05T17:08:46.387021,2026-07-05T17:08:46.394217+00:00,159.8,50,ask,DiligentDonuts,FlawlessFlatbreads,8565549
2026-07-05T17:08:46.570088,2026-07-05T17:08:46.579114+00:00,159.8,4,ask,DiligentDonuts,Xuanyu Liu,8565551
2026-07-05T17:08:48.055477,2026-07-05T17:08:48.068826+00:00,159.8,46,ask,DiligentDonuts,CostlyCorianders,8565583
2026-07-05T17:08:48.494382,2026-07-05T17:08:48.506114+00:00,159.5,50,ask,EarnestEspressos,FlawlessFlatbreads,8565586
2026-07-05T17:08:48.689230,2026-07-05T17:08:48.701194+00:00,160.0,40,bid,CostlyCorianders,EarnestEspressos,8565587
2026-07-05T17:08:50.602461,2026-07-05T17:08:50.613979+00:00,159.5,50,ask,EarnestEspressos,FlawlessFlatbreads,8565618
2026-07-05T17:08:50.661911,2026-07-05T17:08:50.670094+00:00,160.0,49,bid,CostlyCorianders,EarnestEspressos,8565621
2026-07-05T17:08:51.697926,2026-07-05T17:08:51.709870+00:00,159.6,42,ask,EarnestEspressos,CostlyCorianders,8565634
2026-07-05T17:08:52.634851,2026-07-05T17:08:52.646591+00:00,160.1,42,bid,CostlyCorianders,EarnestEspressos,8565645
2026-07-05T17:08:52.709674,2026-07-05T17:08:52.717472+00:00,159.6,50,ask,EarnestEspressos,FlawlessFlatbreads,8565648
2026-07-05T17:08:53.193965,2026-07-05T17:08:53.207669+00:00,160.1,11,bid,Xuanyu Liu,EarnestEspressos,8565663
2026-07-05T17:08:54.815072,2026-07-05T17:08:54.826838+00:00,159.8,50,ask,EarnestEspressos,FlawlessFlatbreads,8565691
2026-07-05T17:08:56.922081,2026-07-05T17:08:56.929668+00:00,160.0,50,ask,DiligentDonuts,FlawlessFlatbreads,8565735
2026-07-05T17:08:58.801068,2026-07-05T17:08:58.812937+00:00,160.4,43,bid,CostlyCorianders,EarnestEspressos,8565768
2026-07-05T17:08:59.029662,2026-07-05T17:08:59.041783+00:00,160.2,50,ask,DiligentDonuts,FlawlessFlatbreads,8565769
2026-07-05T17:09:01.137127,2026-07-05T17:09:01.144566+00:00,160.2,50,ask,DiligentDonuts,FlawlessFlatbreads,8565798
2026-07-05T17:09:01.664915,2026-07-05T17:09:01.675011+00:00,160.2,11,bid,Xuanyu Liu,DiligentDonuts,8565806
2026-07-05T17:09:01.972209,2026-07-05T17:09:01.983971+00:00,159.8,40,ask,EarnestEspressos,CostlyCorianders,8565809
2026-07-05T17:09:03.193155,2026-07-05T17:09:03.202605+00:00,160.2,50,bid,FlawlessFlatbreads,DiligentDonuts,8565823
2026-07-05T17:09:05.185917,2026-07-05T17:09:05.193632+00:00,160.2,48,bid,CostlyCorianders,EarnestEspressos,8565855
2026-07-05T17:09:05.302166,2026-07-05T17:09:05.311343+00:00,160.2,50,bid,FlawlessFlatbreads,EarnestEspressos,8565857
2026-07-05T17:09:05.792192,2026-07-05T17:09:05.803154+00:00,159.8,47,ask,DiligentDonuts,CostlyCorianders,8565866
2026-07-05T17:09:06.499284,2026-07-05T17:09:06.510247+00:00,160.2,12,bid,Xuanyu Liu,EarnestEspressos,8565881
2026-07-05T17:09:07.280481,2026-07-05T17:09:07.292214+00:00,160.2,40,bid,CostlyCorianders,EarnestEspressos,8565895
2026-07-05T17:09:07.410308,2026-07-05T17:09:07.419220+00:00,160.3,50,bid,EarnestEspressos,DiligentDonuts,8565896
2026-07-05T17:09:07.433096,2026-07-05T17:09:07.445004+00:00,160.3,50,bid,FlawlessFlatbreads,DiligentDonuts,8565897
2026-07-05T17:09:07.500750,2026-07-05T17:09:07.511176+00:00,160.4,12,ask,EarnestEspressos,Xuanyu Liu,8565898
2026-07-05T17:09:08.352475,2026-07-05T17:09:08.364329+00:00,160.4,48,ask,EarnestEspressos,CostlyCorianders,8565917
2026-07-05T17:09:09.836058,2026-07-05T17:09:09.847808+00:00,160.4,40,ask,EarnestEspressos,CostlyCorianders,8565932
2026-07-05T17:09:09.836058,2026-07-05T17:09:09.847808+00:00,160.1,8,ask,DiligentDonuts,CostlyCorianders,8565933
2026-07-05T17:09:10.807920,2026-07-05T17:09:10.819551+00:00,160.4,47,bid,CostlyCorianders,EarnestEspressos,8565951
2026-07-05T17:09:11.758728,2026-07-05T17:09:11.769990+00:00,160.2,45,ask,DiligentDonuts,CostlyCorianders,8565965
2026-07-05T17:09:12.876221,2026-07-05T17:09:12.885084+00:00,160.4,12,bid,Xuanyu Liu,EarnestEspressos,8565987
2026-07-05T17:09:15.914442,2026-07-05T17:09:15.923466+00:00,160.3,50,ask,EarnestEspressos,FlawlessFlatbreads,8566034
2026-07-05T17:09:18.021176,2026-07-05T17:09:18.027984+00:00,160.0,50,ask,DiligentDonuts,FlawlessFlatbreads,8566061
2026-07-05T17:09:20.077121,2026-07-05T17:09:20.089029+00:00,160.5,50,bid,FlawlessFlatbreads,DiligentDonuts,8566100
2026-07-05T17:09:20.963179,2026-07-05T17:09:20.975146+00:00,160.2,40,bid,CostlyCorianders,EarnestEspressos,8566111
2026-07-05T17:09:22.042610,2026-07-05T17:09:22.051654+00:00,160.2,11,bid,Xuanyu Liu,EarnestEspressos,8566127
2026-07-05T17:09:22.187126,2026-07-05T17:09:22.194532+00:00,160.2,50,bid,FlawlessFlatbreads,EarnestEspressos,8566130
2026-07-05T17:09:23.247304,2026-07-05T17:09:23.253883+00:00,160.2,100,bid,EarnestEspressos,DiligentDonuts,8566144
2026-07-05T17:09:24.293523,2026-07-05T17:09:24.305262+00:00,160.8,50,bid,FlawlessFlatbreads,EarnestEspressos,8566157
2026-07-05T17:09:25.473001,2026-07-05T17:09:25.484850+00:00,160.8,42,bid,CostlyCorianders,EarnestEspressos,8566179
2026-07-05T17:09:26.401323,2026-07-05T17:09:26.408899+00:00,160.8,50,bid,FlawlessFlatbreads,DiligentDonuts,8566188
2026-07-05T17:09:26.914306,2026-07-05T17:09:26.924175+00:00,160.6,11,ask,DiligentDonuts,Xuanyu Liu,8566195
2026-07-05T17:09:27.310070,2026-07-05T17:09:27.318922+00:00,160.6,12,ask,DiligentDonuts,Xuanyu Liu,8566207
2026-07-05T17:09:28.535900,2026-07-05T17:09:28.547525+00:00,160.9,50,bid,FlawlessFlatbreads,EarnestEspressos,8566229
2026-07-05T17:09:29.013976,2026-07-05T17:09:29.021840+00:00,160.6,40,ask,DiligentDonuts,CostlyCorianders,8566241
2026-07-05T17:09:29.523361,2026-07-05T17:09:29.531185+00:00,160.9,47,bid,CostlyCorianders,EarnestEspressos,8566246
2026-07-05T17:09:29.600711,2026-07-05T17:09:29.610062+00:00,160.7,11,ask,EarnestEspressos,Xuanyu Liu,8566248
2026-07-05T17:09:29.927181,2026-07-05T17:09:29.936970+00:00,160.7,11,ask,EarnestEspressos,Xuanyu Liu,8566252
2026-07-05T17:09:30.645926,2026-07-05T17:09:30.658587+00:00,160.8,50,bid,FlawlessFlatbreads,DiligentDonuts,8566264
2026-07-05T17:09:31.059297,2026-07-05T17:09:31.071050+00:00,160.7,49,ask,EarnestEspressos,CostlyCorianders,8566274
2026-07-05T17:09:31.403165,2026-07-05T17:09:31.413614+00:00,160.7,12,ask,EarnestEspressos,Xuanyu Liu,8566283
2026-07-05T17:09:32.755446,2026-07-05T17:09:32.758541+00:00,160.8,50,bid,FlawlessFlatbreads,DiligentDonuts,8566308
2026-07-05T17:09:34.027235,2026-07-05T17:09:34.039366+00:00,160.8,43,bid,CostlyCorianders,EarnestEspressos,8566332
2026-07-05T17:09:36.133085,2026-07-05T17:09:36.145016+00:00,160.6,46,ask,DiligentDonuts,CostlyCorianders,8566358
2026-07-05T17:09:37.879914,2026-07-05T17:09:37.886537+00:00,160.5,44,ask,EarnestEspressos,CostlyCorianders,8566384
2026-07-05T17:09:39.074588,2026-07-05T17:09:39.084189+00:00,160.9,50,bid,FlawlessFlatbreads,DiligentDonuts,8566411
2026-07-05T17:09:39.125331,2026-07-05T17:09:39.145006+00:00,160.4,100,ask,DiligentDonuts,EarnestEspressos,8566412
2026-07-05T17:09:39.136400,2026-07-05T17:09:39.145006+00:00,160.4,12,bid,Xuanyu Liu,EarnestEspressos,8566413
2026-07-05T17:09:39.573449,2026-07-05T17:09:39.581492+00:00,160.4,38,bid,CostlyCorianders,EarnestEspressos,8566425
2026-07-05T17:09:40.670802,2026-07-05T17:09:40.682531+00:00,160.2,44,ask,DiligentDonuts,CostlyCorianders,8566439
2026-07-05T17:09:41.181163,2026-07-05T17:09:41.191703+00:00,160.7,50,bid,FlawlessFlatbreads,DiligentDonuts,8566450
2026-07-05T17:09:42.777328,2026-07-05T17:09:42.789271+00:00,160.6,100,ask,EarnestEspressos,DiligentDonuts,8566477
2026-07-05T17:09:43.189288,2026-07-05T17:09:43.201048+00:00,161.1,48,bid,CostlyCorianders,EarnestEspressos,8566487
2026-07-05T17:09:43.244468,2026-07-05T17:09:43.258592+00:00,160.6,40,ask,EarnestEspressos,CostlyCorianders,8566489
2026-07-05T17:09:43.339216,2026-07-05T17:09:43.351139+00:00,160.6,10,ask,EarnestEspressos,FlawlessFlatbreads,8566490
2026-07-05T17:09:44.339713,2026-07-05T17:09:44.350574+00:00,161.1,41,bid,CostlyCorianders,EarnestEspressos,8566507
2026-07-05T17:09:44.826012,2026-07-05T17:09:44.835275+00:00,160.1,40,ask,DiligentDonuts,CostlyCorianders,8566515
2026-07-05T17:09:45.447505,2026-07-05T17:09:45.463626+00:00,160.3,50,ask,EarnestEspressos,FlawlessFlatbreads,8566526
2026-07-05T17:09:47.553813,2026-07-05T17:09:47.556459+00:00,160.3,50,ask,EarnestEspressos,FlawlessFlatbreads,8566566
2026-07-05T17:09:49.609890,2026-07-05T17:09:49.623643+00:00,160.4,50,bid,FlawlessFlatbreads,EarnestEspressos,8566593
2026-07-05T17:09:51.085471,2026-07-05T17:09:51.097514+00:00,160.4,41,bid,CostlyCorianders,EarnestEspressos,8566616
2026-07-05T17:09:51.716893,2026-07-05T17:09:51.728497+00:00,160.8,50,bid,FlawlessFlatbreads,DiligentDonuts,8566624
2026-07-05T17:09:52.575445,2026-07-05T17:09:52.584689+00:00,160.4,44,ask,DiligentDonuts,CostlyCorianders,8566636
2026-07-05T17:09:53.826067,2026-07-05T17:09:53.832549+00:00,160.6,50,bid,FlawlessFlatbreads,EarnestEspressos,8566653
2026-07-05T17:09:54.021571,2026-07-05T17:09:54.033320+00:00,160.6,42,bid,CostlyCorianders,EarnestEspressos,8566656
2026-07-05T17:09:55.932023,2026-07-05T17:09:55.944029+00:00,160.6,50,bid,FlawlessFlatbreads,DiligentDonuts,8566683
2026-07-05T17:09:56.192764,2026-07-05T17:09:56.202529+00:00,160.4,12,ask,EarnestEspressos,Xuanyu Liu,8566686
2026-07-05T17:09:57.123276,2026-07-05T17:09:57.135003+00:00,160.4,49,ask,EarnestEspressos,CostlyCorianders,8566709
2026-07-05T17:09:58.090881,2026-07-05T17:09:58.102876+00:00,160.1,50,ask,DiligentDonuts,FlawlessFlatbreads,8566722
2026-07-05T17:09:59.282202,2026-07-05T17:09:59.294110+00:00,160.7,43,bid,CostlyCorianders,EarnestEspressos,8566739
2026-07-05T17:10:00.147563,2026-07-05T17:10:00.163888+00:00,160.7,50,bid,FlawlessFlatbreads,EarnestEspressos,8566747
2026-07-05T17:10:01.270979,2026-07-05T17:10:01.283112+00:00,160.5,11,ask,EarnestEspressos,Xuanyu Liu,8566761
2026-07-05T17:10:01.810388,2026-07-05T17:10:01.821177+00:00,160.5,100,ask,EarnestEspressos,DiligentDonuts,8566768
2026-07-05T17:10:02.254453,2026-07-05T17:10:02.258570+00:00,161.0,50,bid,FlawlessFlatbreads,EarnestEspressos,8566780
2026-07-05T17:10:02.759700,2026-07-05T17:10:02.769640+00:00,160.5,23,ask,EarnestEspressos,Xuanyu Liu,8566785
2026-07-05T17:10:03.172276,2026-07-05T17:10:03.184234+00:00,160.5,16,ask,EarnestEspressos,CostlyCorianders,8566795
2026-07-05T17:10:03.172276,2026-07-05T17:10:03.184234+00:00,160.0,29,ask,DiligentDonuts,CostlyCorianders,8566796
2026-07-05T17:10:05.138080,2026-07-05T17:10:05.148430+00:00,160.6,46,bid,CostlyCorianders,EarnestEspressos,8566826
2026-07-05T17:10:06.482196,2026-07-05T17:10:06.490097+00:00,160.6,50,bid,FlawlessFlatbreads,EarnestEspressos,8566841
2026-07-05T17:10:06.685721,2026-07-05T17:10:06.694771+00:00,160.6,23,bid,Xuanyu Liu,EarnestEspressos,8566848
2026-07-05T17:10:07.584394,2026-07-05T17:10:07.603223+00:00,160.7,100,bid,EarnestEspressos,DiligentDonuts,8566861
2026-07-05T17:10:07.752401,2026-07-05T17:10:07.763678+00:00,160.9,23,ask,EarnestEspressos,Xuanyu Liu,8566868
2026-07-05T17:10:07.996081,2026-07-05T17:10:08.005528+00:00,160.9,3,ask,EarnestEspressos,Xuanyu Liu,8566870
2026-07-05T17:10:09.235168,2026-07-05T17:10:09.246861+00:00,160.9,24,ask,EarnestEspressos,CostlyCorianders,8566888
2026-07-05T17:10:09.235168,2026-07-05T17:10:09.246861+00:00,160.7,22,ask,DiligentDonuts,CostlyCorianders,8566889
2026-07-05T17:10:09.792248,2026-07-05T17:10:09.803798+00:00,161.2,46,bid,CostlyCorianders,DiligentDonuts,8566900
2026-07-05T17:10:09.845389,2026-07-05T17:10:09.856896+00:00,160.7,49,ask,DiligentDonuts,CostlyCorianders,8566901
2026-07-05T17:10:10.452970,2026-07-05T17:10:10.464534+00:00,161.2,46,bid,CostlyCorianders,DiligentDonuts,8566907
2026-07-05T17:10:10.756418,2026-07-05T17:10:10.765477+00:00,160.7,29,ask,DiligentDonuts,FlawlessFlatbreads,8566912
2026-07-05T17:10:10.756418,2026-07-05T17:10:10.770949+00:00,159.9,21,ask,EarnestEspressos,FlawlessFlatbreads,8566913
2026-07-05T17:10:10.820135,2026-07-05T17:10:10.829020+00:00,160.4,3,bid,Xuanyu Liu,EarnestEspressos,8566914
2026-07-05T17:10:11.239218,2026-07-05T17:10:11.258575+00:00,160.4,100,bid,DiligentDonuts,EarnestEspressos,8566920
2026-07-05T17:10:12.864001,2026-07-05T17:10:12.873993+00:00,159.9,50,ask,EarnestEspressos,FlawlessFlatbreads,8566938
2026-07-05T17:10:13.259521,2026-07-05T17:10:13.267836+00:00,160.4,11,bid,Xuanyu Liu,EarnestEspressos,8566948
2026-07-05T17:10:15.005075,2026-07-05T17:10:15.014757+00:00,160.3,50,ask,DiligentDonuts,FlawlessFlatbreads,8566967
2026-07-05T17:10:16.171679,2026-07-05T17:10:16.180437+00:00,160.3,46,ask,DiligentDonuts,CostlyCorianders,8566985
2026-07-05T17:10:17.086898,2026-07-05T17:10:17.094718+00:00,160.8,41,bid,CostlyCorianders,DiligentDonuts,8566994
2026-07-05T17:10:17.112467,2026-07-05T17:10:17.122604+00:00,160.3,4,ask,DiligentDonuts,FlawlessFlatbreads,8566997
2026-07-05T17:10:17.112467,2026-07-05T17:10:17.122604+00:00,160.3,46,ask,EarnestEspressos,FlawlessFlatbreads,8566998
2026-07-05T17:10:18.176393,2026-07-05T17:10:18.188163+00:00,160.3,46,ask,EarnestEspressos,CostlyCorianders,8567016
2026-07-05T17:10:19.196884,2026-07-05T17:10:19.203795+00:00,160.6,50,bid,FlawlessFlatbreads,DiligentDonuts,8567033
2026-07-05T17:10:20.296158,2026-07-05T17:10:20.314761+00:00,160.1,100,ask,DiligentDonuts,EarnestEspressos,8567056
2026-07-05T17:10:20.305894,2026-07-05T17:10:20.314761+00:00,160.1,23,bid,Xuanyu Liu,EarnestEspressos,8567057
2026-07-05T17:10:21.306111,2026-07-05T17:10:21.318042+00:00,160.1,27,bid,FlawlessFlatbreads,EarnestEspressos,8567075
2026-07-05T17:10:21.306111,2026-07-05T17:10:21.318042+00:00,160.3,23,bid,FlawlessFlatbreads,DiligentDonuts,8567076
2026-07-05T17:10:23.422764,2026-07-05T17:10:23.439559+00:00,160.3,50,bid,FlawlessFlatbreads,DiligentDonuts,8567104
2026-07-05T17:10:23.745258,2026-07-05T17:10:23.753936+00:00,160.2,23,ask,EarnestEspressos,Xuanyu Liu,8567111
2026-07-05T17:10:24.086000,2026-07-05T17:10:24.097797+00:00,160.3,42,bid,CostlyCorianders,DiligentDonuts,8567122
2026-07-05T17:10:25.532495,2026-07-05T17:10:25.541975+00:00,160.3,50,bid,FlawlessFlatbreads,DiligentDonuts,8567140
2026-07-05T17:10:26.064557,2026-07-05T17:10:26.073854+00:00,160.3,8,bid,CostlyCorianders,DiligentDonuts,8567146
2026-07-05T17:10:26.118930,2026-07-05T17:10:26.125758+00:00,160.2,44,ask,EarnestEspressos,CostlyCorianders,8567150
2026-07-05T17:10:27.304069,2026-07-05T17:10:27.312993+00:00,160.5,40,bid,CostlyCorianders,EarnestEspressos,8567170
2026-07-05T17:10:27.657672,2026-07-05T17:10:27.669393+00:00,160.5,50,bid,FlawlessFlatbreads,EarnestEspressos,8567178
2026-07-05T17:10:28.352171,2026-07-05T17:10:28.362231+00:00,160.4,11,ask,DiligentDonuts,Xuanyu Liu,8567187
2026-07-05T17:10:29.359924,2026-07-05T17:10:29.371703+00:00,160.4,48,ask,DiligentDonuts,CostlyCorianders,8567198
2026-07-05T17:10:29.765950,2026-07-05T17:10:29.777473+00:00,160.9,50,bid,FlawlessFlatbreads,DiligentDonuts,8567211
2026-07-05T17:10:30.365227,2026-07-05T17:10:30.377001+00:00,160.5,40,ask,EarnestEspressos,CostlyCorianders,8567214
2026-07-05T17:10:30.977506,2026-07-05T17:10:30.984499+00:00,160.9,41,bid,CostlyCorianders,DiligentDonuts,8567228
2026-07-05T17:10:31.872332,2026-07-05T17:10:31.884227+00:00,160.9,50,bid,FlawlessFlatbreads,DiligentDonuts,8567239
2026-07-05T17:10:33.312192,2026-07-05T17:10:33.323945+00:00,160.5,47,ask,EarnestEspressos,CostlyCorianders,8567266
2026-07-05T17:10:34.259789,2026-07-05T17:10:34.270104+00:00,160.7,3,ask,DiligentDonuts,Xuanyu Liu,8567272
2026-07-05T17:10:35.908513,2026-07-05T17:10:35.920098+00:00,161.0,42,bid,CostlyCorianders,EarnestEspressos,8567319
2026-07-05T17:10:36.162388,2026-07-05T17:10:36.174067+00:00,160.7,50,ask,DiligentDonuts,FlawlessFlatbreads,8567322
2026-07-05T17:10:36.162652,2026-07-05T17:10:36.174067+00:00,160.7,47,ask,DiligentDonuts,EarnestEspressos,8567323
2026-07-05T17:10:38.270663,2026-07-05T17:10:38.282663+00:00,160.2,50,ask,DiligentDonuts,FlawlessFlatbreads,8567350
2026-07-05T17:10:38.564412,2026-07-05T17:10:38.574029+00:00,160.6,43,bid,CostlyCorianders,EarnestEspressos,8567356
2026-07-05T17:10:39.784904,2026-07-05T17:10:39.794388+00:00,160.6,100,ask,EarnestEspressos,DiligentDonuts,8567381
2026-07-05T17:10:40.378689,2026-07-05T17:10:40.385265+00:00,160.6,50,ask,EarnestEspressos,FlawlessFlatbreads,8567386
2026-07-05T17:10:42.496837,2026-07-05T17:10:42.513477+00:00,160.1,50,ask,DiligentDonuts,FlawlessFlatbreads,8567413
2026-07-05T17:10:43.332846,2026-07-05T17:10:43.344906+00:00,160.0,40,ask,DiligentDonuts,CostlyCorianders,8567425
2026-07-05T17:10:43.439898,2026-07-05T17:10:43.450648+00:00,160.2,26,bid,Xuanyu Liu,EarnestEspressos,8567428
2026-07-05T17:10:43.896964,2026-07-05T17:10:43.908643+00:00,160.2,41,bid,CostlyCorianders,EarnestEspressos,8567434
2026-07-05T17:10:44.622821,2026-07-05T17:10:44.646248+00:00,160.0,50,ask,DiligentDonuts,FlawlessFlatbreads,8567441
2026-07-05T17:10:46.578462,2026-07-05T17:10:46.590144+00:00,160.3,41,bid,CostlyCorianders,DiligentDonuts,8567473
2026-07-05T17:10:48.834328,2026-07-05T17:10:48.845527+00:00,160.1,50,ask,EarnestEspressos,FlawlessFlatbreads,8567496
2026-07-05T17:10:50.941030,2026-07-05T17:10:50.952872+00:00,160.1,50,ask,EarnestEspressos,FlawlessFlatbreads,8567540
2026-07-05T17:10:51.186844,2026-07-05T17:10:51.198359+00:00,160.1,47,ask,EarnestEspressos,CostlyCorianders,8567547
2026-07-05T17:10:51.994559,2026-07-05T17:10:52.006456+00:00,160.1,100,ask,DiligentDonuts,EarnestEspressos,8567565
2026-07-05T17:10:52.559830,2026-07-05T17:10:52.568678+00:00,159.7,23,bid,Xuanyu Liu,DiligentDonuts,8567574
2026-07-05T17:10:53.048075,2026-07-05T17:10:53.039388+00:00,159.6,50,ask,EarnestEspressos,FlawlessFlatbreads,8567578
2026-07-05T17:10:55.154884,2026-07-05T17:10:55.166659+00:00,159.5,50,ask,EarnestEspressos,FlawlessFlatbreads,8567613
2026-07-05T17:10:56.982558,2026-07-05T17:10:56.993145+00:00,160.0,44,bid,CostlyCorianders,EarnestEspressos,8567647
2026-07-05T17:10:57.263674,2026-07-05T17:10:57.275866+00:00,159.6,50,ask,DiligentDonuts,FlawlessFlatbreads,8567653
2026-07-05T17:10:57.517815,2026-07-05T17:10:57.529746+00:00,159.6,48,ask,DiligentDonuts,CostlyCorianders,8567656
2026-07-05T17:10:59.172538,2026-07-05T17:10:59.189975+00:00,159.7,43,bid,CostlyCorianders,DiligentDonuts,8567681
2026-07-05T17:10:59.370730,2026-07-05T17:10:59.382215+00:00,159.4,50,ask,EarnestEspressos,FlawlessFlatbreads,8567687
2026-07-05T17:11:00.309846,2026-07-05T17:11:00.321397+00:00,159.4,44,ask,EarnestEspressos,CostlyCorianders,8567701
2026-07-05T17:11:01.477958,2026-07-05T17:11:01.489730+00:00,159.2,50,ask,DiligentDonuts,FlawlessFlatbreads,8567713
2026-07-05T17:11:01.496270,2026-07-05T17:11:01.506254+00:00,159.6,11,bid,Xuanyu Liu,EarnestEspressos,8567714
2026-07-05T17:11:02.069579,2026-07-05T17:11:02.081353+00:00,159.6,48,bid,CostlyCorianders,EarnestEspressos,8567723
2026-07-05T17:11:03.584719,2026-07-05T17:11:03.596955+00:00,159.2,50,ask,DiligentDonuts,FlawlessFlatbreads,8567749
2026-07-05T17:11:03.697140,2026-07-05T17:11:03.708820+00:00,159.2,45,ask,DiligentDonuts,CostlyCorianders,8567752
2026-07-05T17:11:04.333751,2026-07-05T17:11:04.345851+00:00,159.6,41,bid,CostlyCorianders,EarnestEspressos,8567763
2026-07-05T17:11:05.091340,2026-07-05T17:11:05.114010+00:00,159.5,100,ask,EarnestEspressos,DiligentDonuts,8567776
2026-07-05T17:11:05.644847,2026-07-05T17:11:05.653775+00:00,160.0,50,bid,FlawlessFlatbreads,EarnestEspressos,8567783
2026-07-05T17:11:05.823379,2026-07-05T17:11:05.832514+00:00,160.0,46,bid,CostlyCorianders,EarnestEspressos,8567788
2026-07-05T17:11:07.081143,2026-07-05T17:11:07.090462+00:00,159.5,11,ask,EarnestEspressos,Xuanyu Liu,8567813
2026-07-05T17:11:08.395755,2026-07-05T17:11:08.405375+00:00,159.4,11,bid,Xuanyu Liu,DiligentDonuts,8567831
2026-07-05T17:11:09.173374,2026-07-05T17:11:09.185232+00:00,159.1,48,ask,EarnestEspressos,CostlyCorianders,8567844
2026-07-05T17:11:09.856130,2026-07-05T17:11:09.867731+00:00,159.4,50,bid,FlawlessFlatbreads,DiligentDonuts,8567867
2026-07-05T17:11:11.215354,2026-07-05T17:11:11.221932+00:00,158.9,47,ask,DiligentDonuts,CostlyCorianders,8567893
2026-07-05T17:11:11.963650,2026-07-05T17:11:11.975204+00:00,159.3,50,bid,FlawlessFlatbreads,EarnestEspressos,8567899
2026-07-05T17:11:12.923633,2026-07-05T17:11:12.935211+00:00,158.9,40,ask,DiligentDonuts,CostlyCorianders,8567917
2026-07-05T17:11:14.070400,2026-07-05T17:11:14.077800+00:00,159.4,50,bid,FlawlessFlatbreads,DiligentDonuts,8567944
2026-07-05T17:11:14.145481,2026-07-05T17:11:14.152010+00:00,158.9,60,ask,DiligentDonuts,EarnestEspressos,8567945
2026-07-05T17:11:14.947897,2026-07-05T17:11:14.957372+00:00,158.7,11,bid,Xuanyu Liu,DiligentDonuts,8567958
2026-07-05T17:11:15.570199,2026-07-05T17:11:15.578679+00:00,158.7,12,bid,Xuanyu Liu,DiligentDonuts,8567963
2026-07-05T17:11:16.176847,2026-07-05T17:11:16.185242+00:00,158.7,50,bid,FlawlessFlatbreads,DiligentDonuts,8567976
2026-07-05T17:11:16.259348,2026-07-05T17:11:16.268062+00:00,158.7,11,bid,Xuanyu Liu,DiligentDonuts,8567978
2026-07-05T17:11:17.258443,2026-07-05T17:11:17.266361+00:00,158.7,16,bid,EarnestEspressos,DiligentDonuts,8567992
2026-07-05T17:11:17.330586,2026-07-05T17:11:17.339297+00:00,159.1,23,ask,EarnestEspressos,Xuanyu Liu,8567993
2026-07-05T17:11:17.571021,2026-07-05T17:11:17.581625+00:00,159.1,22,ask,EarnestEspressos,Xuanyu Liu,8567996
2026-07-05T17:11:18.283374,2026-07-05T17:11:18.295370+00:00,159.2,50,bid,FlawlessFlatbreads,DiligentDonuts,8568007
2026-07-05T17:11:20.372963,2026-07-05T17:11:20.385815+00:00,159.2,45,bid,CostlyCorianders,DiligentDonuts,8568036
2026-07-05T17:11:20.863947,2026-07-05T17:11:20.872537+00:00,159.5,40,bid,CostlyCorianders,EarnestEspressos,8568044
2026-07-05T17:11:20.972301,2026-07-05T17:11:20.981344+00:00,159.3,12,ask,DiligentDonuts,Xuanyu Liu,8568047
2026-07-05T17:11:21.808825,2026-07-05T17:11:21.825087+00:00,159.3,44,ask,DiligentDonuts,CostlyCorianders,8568058
2026-07-05T17:11:22.181305,2026-07-05T17:11:22.190125+00:00,159.3,11,ask,DiligentDonuts,Xuanyu Liu,8568062
2026-07-05T17:11:22.509978,2026-07-05T17:11:22.521475+00:00,159.5,50,bid,FlawlessFlatbreads,EarnestEspressos,8568070
2026-07-05T17:11:22.807679,2026-07-05T17:11:22.821529+00:00,159.3,12,ask,DiligentDonuts,Xuanyu Liu,8568077
2026-07-05T17:11:23.002565,2026-07-05T17:11:23.011923+00:00,159.5,46,bid,CostlyCorianders,EarnestEspressos,8568084
2026-07-05T17:11:23.056440,2026-07-05T17:11:23.063746+00:00,159.3,21,ask,DiligentDonuts,CostlyCorianders,8568086
2026-07-05T17:11:23.056440,2026-07-05T17:11:23.068751+00:00,159.0,25,ask,EarnestEspressos,CostlyCorianders,8568087
2026-07-05T17:11:24.119488,2026-07-05T17:11:24.128459+00:00,159.1,23,bid,Xuanyu Liu,DiligentDonuts,8568119
2026-07-05T17:11:24.617856,2026-07-05T17:11:24.630515+00:00,159.1,50,bid,FlawlessFlatbreads,DiligentDonuts,8568123
2026-07-05T17:11:25.424769,2026-07-05T17:11:25.433669+00:00,159.0,11,ask,EarnestEspressos,Xuanyu Liu,8568138
2026-07-05T17:11:26.698380,2026-07-05T17:11:26.709932+00:00,159.0,41,ask,EarnestEspressos,CostlyCorianders,8568161
2026-07-05T17:11:26.725013,2026-07-05T17:11:26.744097+00:00,159.1,27,bid,FlawlessFlatbreads,DiligentDonuts,8568165
2026-07-05T17:11:33.095955,2026-07-05T17:11:33.105874+00:00,158.7,50,ask,DiligentDonuts,FlawlessFlatbreads,8568247
2026-07-05T17:11:33.137509,2026-07-05T17:11:33.149101+00:00,159.2,40,bid,CostlyCorianders,DiligentDonuts,8568248
2026-07-05T17:11:36.381453,2026-07-05T17:11:36.393390+00:00,158.8,41,bid,CostlyCorianders,EarnestEspressos,8568293
2026-07-05T17:11:37.323641,2026-07-05T17:11:37.331170+00:00,158.4,50,ask,DiligentDonuts,FlawlessFlatbreads,8568303
2026-07-05T17:11:39.431182,2026-07-05T17:11:39.440428+00:00,158.5,50,ask,EarnestEspressos,FlawlessFlatbreads,8568334
2026-07-05T17:11:39.981546,2026-07-05T17:11:39.993202+00:00,158.5,41,ask,EarnestEspressos,CostlyCorianders,8568341
2026-07-05T17:11:41.507345,2026-07-05T17:11:41.519100+00:00,158.5,48,ask,EarnestEspressos,CostlyCorianders,8568357
2026-07-05T17:11:42.652149,2026-07-05T17:11:42.661762+00:00,158.5,11,bid,Xuanyu Liu,EarnestEspressos,8568371
2026-07-05T17:11:45.097609,2026-07-05T17:11:45.106523+00:00,158.5,12,bid,Xuanyu Liu,EarnestEspressos,8568399
2026-07-05T17:11:47.855351,2026-07-05T17:11:47.866883+00:00,158.4,50,ask,DiligentDonuts,FlawlessFlatbreads,8568433
2026-07-05T17:11:48.994239,2026-07-05T17:11:49.005742+00:00,158.7,40,bid,CostlyCorianders,EarnestEspressos,8568448
2026-07-05T17:11:49.911046,2026-07-05T17:11:49.922619+00:00,158.7,50,bid,FlawlessFlatbreads,EarnestEspressos,8568456
2026-07-05T17:11:52.069679,2026-07-05T17:11:52.081554+00:00,158.3,50,ask,DiligentDonuts,FlawlessFlatbreads,8568492
2026-07-05T17:11:52.125640,2026-07-05T17:11:52.134016+00:00,158.8,48,bid,CostlyCorianders,DiligentDonuts,8568495
2026-07-05T17:11:53.769515,2026-07-05T17:11:53.778762+00:00,158.3,49,ask,EarnestEspressos,CostlyCorianders,8568521
2026-07-05T17:11:54.125304,2026-07-05T17:11:54.137129+00:00,158.5,50,bid,FlawlessFlatbreads,DiligentDonuts,8568527
2026-07-05T17:11:55.256639,2026-07-05T17:11:55.268156+00:00,158.5,45,bid,CostlyCorianders,DiligentDonuts,8568542
2026-07-05T17:11:55.837617,2026-07-05T17:11:55.849597+00:00,158.5,42,bid,CostlyCorianders,EarnestEspressos,8568553
2026-07-05T17:11:55.893624,2026-07-05T17:11:55.905485+00:00,158.2,40,ask,DiligentDonuts,CostlyCorianders,8568555
2026-07-05T17:11:56.233258,2026-07-05T17:11:56.244991+00:00,158.5,50,bid,FlawlessFlatbreads,EarnestEspressos,8568558
2026-07-05T17:11:56.985755,2026-07-05T17:11:56.993719+00:00,158.5,43,bid,CostlyCorianders,EarnestEspressos,8568567
2026-07-05T17:11:57.465778,2026-07-05T17:11:57.477696+00:00,158.2,43,ask,DiligentDonuts,CostlyCorianders,8568574
2026-07-05T17:11:58.341197,2026-07-05T17:11:58.353005+00:00,158.5,15,bid,FlawlessFlatbreads,EarnestEspressos,8568587
2026-07-05T17:11:58.341197,2026-07-05T17:11:58.353005+00:00,158.7,35,bid,FlawlessFlatbreads,DiligentDonuts,8568588
2026-07-05T17:11:58.413034,2026-07-05T17:11:58.422218+00:00,158.6,23,ask,EarnestEspressos,Xuanyu Liu,8568589
2026-07-05T17:11:58.502668,2026-07-05T17:11:58.511419+00:00,158.6,12,ask,EarnestEspressos,Xuanyu Liu,8568594
2026-07-05T17:11:58.927860,2026-07-05T17:11:58.939777+00:00,158.6,100,ask,EarnestEspressos,DiligentDonuts,8568600
2026-07-05T17:11:59.512921,2026-07-05T17:11:59.529559+00:00,158.6,11,ask,EarnestEspressos,Xuanyu Liu,8568611
2026-07-05T17:12:00.310342,2026-07-05T17:12:00.319541+00:00,158.6,3,ask,EarnestEspressos,Xuanyu Liu,8568623
