timestamp,recv_time,price,volume,aggressor_side,buyer,seller,trade_id
2026-07-03T11:19:53.597418,2026-07-03T11:19:52.395060+00:00,117.4,42,bid,CostlyCorianders,DiligentDonuts,5682732
2026-07-03T11:19:57.105804,2026-07-03T11:19:52.395060+00:00,117.3,50,bid,FlawlessFlatbreads,EarnestEspressos,5682788
2026-07-03T11:19:59.211206,2026-07-03T11:20:03.481414+00:00,117.3,50,bid,FlawlessFlatbreads,DiligentDonuts,5682817
2026-07-03T11:20:00.859205,2026-07-03T11:20:03.481414+00:00,116.9,41,ask,EarnestEspressos,CostlyCorianders,5682844
2026-07-03T11:20:01.370341,2026-07-03T11:20:03.481414+00:00,116.9,50,ask,EarnestEspressos,FlawlessFlatbreads,5682862
2026-07-03T11:20:01.510924,2026-07-03T11:20:03.481414+00:00,116.9,40,ask,EarnestEspressos,CostlyCorianders,5682866
2026-07-03T11:20:01.781582,2026-07-03T11:20:03.481414+00:00,116.7,100,ask,DiligentDonuts,EarnestEspressos,5682871
2026-07-03T11:20:03.111339,2026-07-03T11:20:03.481414+00:00,116.7,46,bid,CostlyCorianders,EarnestEspressos,5682890
2026-07-03T11:20:03.478411,2026-07-03T11:20:03.481414+00:00,116.2,50,ask,EarnestEspressos,FlawlessFlatbreads,5682897
2026-07-03T11:20:04.474143,2026-07-03T11:20:04.509737+00:00,116.7,3,bid,Xuanyu Liu,EarnestEspressos,5682916
2026-07-03T11:20:05.242575,2026-07-03T11:20:05.264045+00:00,116.9,41,bid,CostlyCorianders,DiligentDonuts,5682931
2026-07-03T11:20:05.592139,2026-07-03T11:20:05.598368+00:00,116.6,50,ask,EarnestEspressos,FlawlessFlatbreads,5682938
2026-07-03T11:20:06.148670,2026-07-03T11:20:06.163798+00:00,116.6,43,ask,EarnestEspressos,CostlyCorianders,5682945
2026-07-03T11:20:07.132482,2026-07-03T11:20:07.148494+00:00,116.9,40,bid,CostlyCorianders,DiligentDonuts,5682962
2026-07-03T11:20:07.647434,2026-07-03T11:20:07.658576+00:00,116.9,19,bid,FlawlessFlatbreads,DiligentDonuts,5682969
2026-07-03T11:20:07.647434,2026-07-03T11:20:07.658576+00:00,117.1,31,bid,FlawlessFlatbreads,EarnestEspressos,5682970
2026-07-03T11:20:09.734770,2026-07-03T11:20:10.844601+00:00,116.6,45,bid,CostlyCorianders,EarnestEspressos,5682999
2026-07-03T11:20:09.755111,2026-07-03T11:20:10.844601+00:00,116.6,50,bid,FlawlessFlatbreads,EarnestEspressos,5683000
2026-07-03T11:20:11.861360,2026-07-03T11:20:11.872597+00:00,116.9,50,bid,FlawlessFlatbreads,EarnestEspressos,5683034
2026-07-03T11:20:13.025839,2026-07-03T11:20:13.064493+00:00,116.4,46,ask,EarnestEspressos,CostlyCorianders,5683057
2026-07-03T11:20:13.968562,2026-07-03T11:20:13.993298+00:00,116.9,50,bid,FlawlessFlatbreads,EarnestEspressos,5683071
2026-07-03T11:20:15.659961,2026-07-03T11:20:15.672045+00:00,116.4,3,ask,DiligentDonuts,Xuanyu Liu,5683104
2026-07-03T11:20:16.125892,2026-07-03T11:20:16.471632+00:00,116.4,50,ask,DiligentDonuts,FlawlessFlatbreads,5683108
2026-07-03T11:20:20.334176,2026-07-03T11:20:20.368701+00:00,116.2,50,ask,EarnestEspressos,FlawlessFlatbreads,5683175
2026-07-03T11:20:21.327241,2026-07-03T11:20:21.338561+00:00,116.2,46,ask,EarnestEspressos,CostlyCorianders,5683192
2026-07-03T11:20:22.441313,2026-07-03T11:20:22.449764+00:00,116.2,50,ask,EarnestEspressos,FlawlessFlatbreads,5683217
2026-07-03T11:20:23.936530,2026-07-03T11:20:23.945287+00:00,116.3,3,bid,Xuanyu Liu,EarnestEspressos,5683243
2026-07-03T11:20:25.137287,2026-07-03T11:20:25.145799+00:00,116.3,11,bid,Xuanyu Liu,EarnestEspressos,5683265
2026-07-03T11:20:26.650815,2026-07-03T11:20:26.662205+00:00,116.0,50,ask,DiligentDonuts,FlawlessFlatbreads,5683289
2026-07-03T11:20:27.630012,2026-07-03T11:20:27.664195+00:00,116.5,45,bid,CostlyCorianders,EarnestEspressos,5683303
2026-07-03T11:20:28.763777,2026-07-03T11:20:28.774273+00:00,116.1,50,ask,DiligentDonuts,FlawlessFlatbreads,5683312
2026-07-03T11:20:31.526178,2026-07-03T11:20:31.544531+00:00,116.3,42,bid,CostlyCorianders,DiligentDonuts,5683354
2026-07-03T11:20:32.174167,2026-07-03T11:20:32.185807+00:00,116.1,49,ask,EarnestEspressos,CostlyCorianders,5683366
2026-07-03T11:20:32.922698,2026-07-03T11:20:32.948507+00:00,116.3,50,bid,FlawlessFlatbreads,DiligentDonuts,5683384
2026-07-03T11:20:33.755181,2026-07-03T11:20:33.791536+00:00,116.3,40,bid,CostlyCorianders,EarnestEspressos,5683394
2026-07-03T11:20:33.809659,2026-07-03T11:20:33.817616+00:00,116.0,44,ask,DiligentDonuts,CostlyCorianders,5683396
2026-07-03T11:20:35.081986,2026-07-03T11:20:35.091016+00:00,116.0,50,ask,DiligentDonuts,FlawlessFlatbreads,5683418
2026-07-03T11:20:37.189481,2026-07-03T11:20:37.196129+00:00,116.1,50,ask,EarnestEspressos,FlawlessFlatbreads,5683462
2026-07-03T11:20:38.082534,2026-07-03T11:20:38.093855+00:00,116.1,44,ask,EarnestEspressos,CostlyCorianders,5683474
2026-07-03T11:20:39.727369,2026-07-03T11:20:39.740953+00:00,115.7,22,ask,DiligentDonuts,Zihao Wu,5683498
2026-07-03T11:20:40.175432,2026-07-03T11:20:40.200540+00:00,116.1,45,bid,CostlyCorianders,EarnestEspressos,5683508
2026-07-03T11:20:40.559779,2026-07-03T11:20:40.569976+00:00,116.1,12,bid,Xuanyu Liu,EarnestEspressos,5683516
2026-07-03T11:20:41.110400,2026-07-03T11:20:41.122028+00:00,115.7,43,ask,DiligentDonuts,CostlyCorianders,5683532
2026-07-03T11:20:42.231864,2026-07-03T11:20:42.243383+00:00,116.1,44,bid,CostlyCorianders,EarnestEspressos,5683552
2026-07-03T11:20:42.909905,2026-07-03T11:20:42.918489+00:00,115.8,100,ask,EarnestEspressos,DiligentDonuts,5683563
2026-07-03T11:20:43.480481,2026-07-03T11:20:43.486596+00:00,116.3,50,bid,FlawlessFlatbreads,EarnestEspressos,5683578
2026-07-03T11:20:44.468915,2026-07-03T11:20:44.486027+00:00,116.3,47,bid,CostlyCorianders,EarnestEspressos,5683587
2026-07-03T11:20:44.523075,2026-07-03T11:20:44.534017+00:00,115.8,44,ask,EarnestEspressos,CostlyCorianders,5683591
2026-07-03T11:20:45.155028,2026-07-03T11:20:45.158657+00:00,116.3,40,bid,CostlyCorianders,EarnestEspressos,5683597
2026-07-03T11:20:47.693445,2026-07-03T11:20:47.715389+00:00,116.1,50,bid,FlawlessFlatbreads,DiligentDonuts,5683636
2026-07-03T11:20:49.799554,2026-07-03T11:20:49.805710+00:00,116.1,50,bid,FlawlessFlatbreads,EarnestEspressos,5683675
2026-07-03T11:20:51.908298,2026-07-03T11:20:51.928487+00:00,116.1,50,bid,FlawlessFlatbreads,EarnestEspressos,5683707
2026-07-03T11:20:52.411178,2026-07-03T11:20:52.670092+00:00,116.4,150,ask,EarnestEspressos,Alan Niu,5683712
2026-07-03T11:20:52.671672,2026-07-03T11:20:52.675455+00:00,116.0,23,ask,DiligentDonuts,Xuanyu Liu,5683725
2026-07-03T11:20:52.883137,2026-07-03T11:20:52.960018+00:00,116.0,48,ask,DiligentDonuts,CostlyCorianders,5683726
2026-07-03T11:20:54.918662,2026-07-03T11:20:55.069807+00:00,116.5,44,bid,CostlyCorianders,DiligentDonuts,5683761
2026-07-03T11:20:54.972539,2026-07-03T11:20:55.069807+00:00,116.0,29,ask,DiligentDonuts,CostlyCorianders,5683762
2026-07-03T11:20:55.558513,2026-07-03T11:20:55.585206+00:00,116.1,150,ask,Alan Niu,EarnestEspressos,5683773
2026-07-03T11:20:56.124737,2026-07-03T11:20:56.163647+00:00,116.1,50,bid,FlawlessFlatbreads,DiligentDonuts,5683779
2026-07-03T11:20:57.509750,2026-07-03T11:20:57.563872+00:00,116.1,47,bid,CostlyCorianders,DiligentDonuts,5683796
2026-07-03T11:20:58.233711,2026-07-03T11:20:58.208498+00:00,116.1,3,bid,FlawlessFlatbreads,DiligentDonuts,5683803
2026-07-03T11:20:58.531994,2026-07-03T11:20:58.570586+00:00,115.6,46,ask,EarnestEspressos,CostlyCorianders,5683808
2026-07-03T11:20:59.745416,2026-07-03T11:20:59.738470+00:00,116.3,22,bid,Zihao Wu,DiligentDonuts,5683826
2026-07-03T11:21:00.342519,2026-07-03T11:21:00.370087+00:00,116.3,50,bid,FlawlessFlatbreads,DiligentDonuts,5683833
2026-07-03T11:21:00.576526,2026-07-03T11:21:00.588233+00:00,115.9,46,ask,EarnestEspressos,CostlyCorianders,5683836
2026-07-03T11:21:02.449478,2026-07-03T11:21:02.458723+00:00,116.4,50,bid,FlawlessFlatbreads,EarnestEspressos,5683861
2026-07-03T11:21:03.063639,2026-07-03T11:21:03.069777+00:00,116.2,40,ask,DiligentDonuts,CostlyCorianders,5683867
2026-07-03T11:21:04.557857,2026-07-03T11:21:04.584875+00:00,116.4,50,bid,FlawlessFlatbreads,EarnestEspressos,5683895
2026-07-03T11:21:06.666545,2026-07-03T11:21:06.674755+00:00,116.4,50,bid,FlawlessFlatbreads,DiligentDonuts,5683928
2026-07-03T11:21:07.383363,2026-07-03T11:21:07.780006+00:00,116.4,45,bid,CostlyCorianders,DiligentDonuts,5683936
2026-07-03T11:21:07.893201,2026-07-03T11:21:07.884005+00:00,116.1,48,ask,EarnestEspressos,CostlyCorianders,5683938
2026-07-03T11:21:08.772658,2026-07-03T11:21:08.778777+00:00,116.5,50,bid,FlawlessFlatbreads,EarnestEspressos,5683950
2026-07-03T11:21:09.560172,2026-07-03T11:21:09.570273+00:00,116.5,40,bid,CostlyCorianders,EarnestEspressos,5683957
2026-07-03T11:21:10.642740,2026-07-03T11:21:10.664375+00:00,116.5,40,bid,CostlyCorianders,EarnestEspressos,5683965
2026-07-03T11:21:10.697025,2026-07-03T11:21:10.708363+00:00,116.2,41,ask,DiligentDonuts,CostlyCorianders,5683967
2026-07-03T11:21:10.881295,2026-07-03T11:21:10.884573+00:00,116.5,20,bid,FlawlessFlatbreads,EarnestEspressos,5683971
2026-07-03T11:21:10.881295,2026-07-03T11:21:10.884573+00:00,116.7,30,bid,FlawlessFlatbreads,DiligentDonuts,5683972
2026-07-03T11:21:11.336243,2026-07-03T11:21:11.358617+00:00,116.8,150,ask,EarnestEspressos,Alan Niu,5683985
2026-07-03T11:21:11.742287,2026-07-03T11:21:11.774932+00:00,116.4,49,ask,DiligentDonuts,CostlyCorianders,5683988
2026-07-03T11:21:12.816428,2026-07-03T11:21:13.099314+00:00,116.9,41,bid,CostlyCorianders,DiligentDonuts,5683995
2026-07-03T11:21:12.991534,2026-07-03T11:21:13.099314+00:00,116.9,50,bid,FlawlessFlatbreads,DiligentDonuts,5683999
2026-07-03T11:21:14.719031,2026-07-03T11:21:14.772555+00:00,116.5,50,ask,DiligentDonuts,Alan Niu,5684024
2026-07-03T11:21:14.762093,2026-07-03T11:21:14.772555+00:00,116.5,17,ask,DiligentDonuts,Xuanyu Liu,5684028
2026-07-03T11:21:14.986987,2026-07-03T11:21:14.998375+00:00,116.6,41,bid,CostlyCorianders,EarnestEspressos,5684034
2026-07-03T11:21:15.097269,2026-07-03T11:21:15.164808+00:00,116.6,50,bid,FlawlessFlatbreads,EarnestEspressos,5684036
2026-07-03T11:21:15.967663,2026-07-03T11:21:15.973149+00:00,116.5,12,ask,DiligentDonuts,Xuanyu Liu,5684051
2026-07-03T11:21:16.033774,2026-07-03T11:21:16.063735+00:00,116.5,21,ask,DiligentDonuts,CostlyCorianders,5684052
2026-07-03T11:21:16.033774,2026-07-03T11:21:16.063735+00:00,116.1,23,ask,EarnestEspressos,CostlyCorianders,5684053
2026-07-03T11:21:17.257550,2026-07-03T11:21:17.264119+00:00,116.1,50,ask,EarnestEspressos,FlawlessFlatbreads,5684069
2026-07-03T11:21:19.627998,2026-07-03T11:21:19.663745+00:00,116.5,41,bid,CostlyCorianders,EarnestEspressos,5684099
2026-07-03T11:21:19.960886,2026-07-03T11:21:19.968813+00:00,116.5,23,bid,Xuanyu Liu,EarnestEspressos,5684108
2026-07-03T11:21:21.469650,2026-07-03T11:21:21.475770+00:00,116.5,50,ask,EarnestEspressos,FlawlessFlatbreads,5684123
2026-07-03T11:21:22.525873,2026-07-03T11:21:22.534672+00:00,116.5,23,ask,EarnestEspressos,Xuanyu Liu,5684138
2026-07-03T11:21:23.635272,2026-07-03T11:21:23.643054+00:00,116.5,42,ask,EarnestEspressos,CostlyCorianders,5684153
2026-07-03T11:21:24.065947,2026-07-03T11:21:24.074597+00:00,116.4,23,bid,Xuanyu Liu,EarnestEspressos,5684158
2026-07-03T11:21:24.626644,2026-07-03T11:21:24.759317+00:00,116.4,43,bid,CostlyCorianders,EarnestEspressos,5684163
2026-07-03T11:21:25.166067,2026-07-03T11:21:25.175636+00:00,116.4,3,bid,Xuanyu Liu,EarnestEspressos,5684174
2026-07-03T11:21:26.252787,2026-07-03T11:21:26.237656+00:00,116.4,81,bid,Alan Niu,EarnestEspressos,5684186
2026-07-03T11:21:27.133008,2026-07-03T11:21:27.148495+00:00,116.7,81,ask,EarnestEspressos,Alan Niu,5684197
2026-07-03T11:21:27.201671,2026-07-03T11:21:27.211395+00:00,116.7,3,ask,EarnestEspressos,Xuanyu Liu,5684199
2026-07-03T11:21:27.732275,2026-07-03T11:21:27.768739+00:00,116.8,50,bid,FlawlessFlatbreads,DiligentDonuts,5684208
2026-07-03T11:21:29.843066,2026-07-03T11:21:29.863837+00:00,116.8,50,bid,FlawlessFlatbreads,DiligentDonuts,5684242
2026-07-03T11:21:31.946445,2026-07-03T11:21:31.958594+00:00,116.6,48,ask,DiligentDonuts,CostlyCorianders,5684264
2026-07-03T11:21:33.942009,2026-07-03T11:21:33.968985+00:00,116.5,43,ask,DiligentDonuts,CostlyCorianders,5684285
2026-07-03T11:21:36.116994,2026-07-03T11:21:36.131043+00:00,116.9,41,bid,CostlyCorianders,EarnestEspressos,5684316
2026-07-03T11:21:36.234410,2026-07-03T11:21:36.263767+00:00,116.5,50,ask,DiligentDonuts,FlawlessFlatbreads,5684319
2026-07-03T11:21:36.691723,2026-07-03T11:21:36.709361+00:00,116.9,100,ask,EarnestEspressos,DiligentDonuts,5684328
2026-07-03T11:21:36.931492,2026-07-03T11:21:36.940073+00:00,116.9,11,ask,EarnestEspressos,Xuanyu Liu,5684334
2026-07-03T11:21:37.249220,2026-07-03T11:21:37.258560+00:00,116.9,39,ask,EarnestEspressos,CostlyCorianders,5684341
2026-07-03T11:21:37.249220,2026-07-03T11:21:37.258560+00:00,116.4,9,ask,DiligentDonuts,CostlyCorianders,5684342
2026-07-03T11:21:38.357131,2026-07-03T11:21:38.340058+00:00,116.6,50,ask,Alan Niu,FlawlessFlatbreads,5684363
2026-07-03T11:21:39.823340,2026-07-03T11:21:39.831596+00:00,116.9,11,bid,Xuanyu Liu,EarnestEspressos,5684383
2026-07-03T11:21:39.859086,2026-07-03T11:21:39.868935+00:00,116.9,45,bid,CostlyCorianders,EarnestEspressos,5684385
2026-07-03T11:21:41.663096,2026-07-03T11:21:41.674315+00:00,116.7,46,ask,DiligentDonuts,CostlyCorianders,5684409
2026-07-03T11:21:42.199281,2026-07-03T11:21:42.208945+00:00,116.9,3,bid,Xuanyu Liu,EarnestEspressos,5684418
2026-07-03T11:21:42.516002,2026-07-03T11:21:42.518408+00:00,116.9,50,bid,FlawlessFlatbreads,EarnestEspressos,5684423
2026-07-03T11:21:43.301785,2026-07-03T11:21:43.311319+00:00,117.0,42,ask,EarnestEspressos,CostlyCorianders,5684437
2026-07-03T11:21:44.622798,2026-07-03T11:21:44.638156+00:00,117.2,50,bid,FlawlessFlatbreads,DiligentDonuts,5684462
2026-07-03T11:21:46.729433,2026-07-03T11:21:46.768673+00:00,117.3,50,bid,FlawlessFlatbreads,Alan Niu,5684490
2026-07-03T11:21:47.896443,2026-07-03T11:21:47.902572+00:00,117.4,48,bid,CostlyCorianders,EarnestEspressos,5684509
2026-07-03T11:21:48.847992,2026-07-03T11:21:48.863731+00:00,117.4,50,bid,FlawlessFlatbreads,EarnestEspressos,5684517
2026-07-03T11:21:49.323438,2026-07-03T11:21:49.369293+00:00,117.1,3,ask,EarnestEspressos,Xuanyu Liu,5684521
2026-07-03T11:21:49.362241,2026-07-03T11:21:49.369293+00:00,117.1,46,ask,EarnestEspressos,CostlyCorianders,5684522
2026-07-03T11:21:50.065430,2026-07-03T11:21:50.074109+00:00,117.1,11,ask,EarnestEspressos,Xuanyu Liu,5684532
2026-07-03T11:21:51.006486,2026-07-03T11:21:51.018194+00:00,117.1,50,ask,EarnestEspressos,FlawlessFlatbreads,5684541
2026-07-03T11:21:53.029592,2026-07-03T11:21:53.063610+00:00,117.4,43,bid,CostlyCorianders,EarnestEspressos,5684577
2026-07-03T11:21:53.115672,2026-07-03T11:21:53.133072+00:00,117.0,50,ask,DiligentDonuts,FlawlessFlatbreads,5684579
2026-07-03T11:21:53.507344,2026-07-03T11:21:53.518832+00:00,117.4,47,bid,CostlyCorianders,EarnestEspressos,5684585
2026-07-03T11:21:55.221507,2026-07-03T11:21:55.232288+00:00,117.0,50,ask,DiligentDonuts,FlawlessFlatbreads,5684608
2026-07-03T11:21:55.683463,2026-07-03T11:21:55.695065+00:00,117.0,100,ask,EarnestEspressos,DiligentDonuts,5684618
2026-07-03T11:21:57.328990,2026-07-03T11:21:57.368673+00:00,117.0,50,ask,EarnestEspressos,FlawlessFlatbreads,5684634
2026-07-03T11:21:57.815147,2026-07-03T11:21:57.842900+00:00,116.6,22,ask,Alan Niu,Zihao Wu,5684641
2026-07-03T11:21:58.800881,2026-07-03T11:21:58.809426+00:00,117.0,11,bid,Xuanyu Liu,EarnestEspressos,5684656
2026-07-03T11:21:59.236755,2026-07-03T11:21:59.245247+00:00,117.0,3,bid,Xuanyu Liu,EarnestEspressos,5684664
2026-07-03T11:21:59.310020,2026-07-03T11:21:59.316879+00:00,116.8,42,ask,DiligentDonuts,CostlyCorianders,5684666
2026-07-03T11:21:59.384769,2026-07-03T11:21:59.409742+00:00,117.0,50,bid,FlawlessFlatbreads,EarnestEspressos,5684669
2026-07-03T11:21:59.836653,2026-07-03T11:21:59.864191+00:00,117.0,42,bid,CostlyCorianders,EarnestEspressos,5684676
2026-07-03T11:22:01.312157,2026-07-03T11:22:01.322988+00:00,117.0,44,bid,CostlyCorianders,EarnestEspressos,5684692
2026-07-03T11:22:01.496785,2026-07-03T11:22:01.499225+00:00,117.3,50,bid,FlawlessFlatbreads,DiligentDonuts,5684697
2026-07-03T11:22:01.920585,2026-07-03T11:22:01.933071+00:00,117.2,47,ask,EarnestEspressos,CostlyCorianders,5684702
2026-07-03T11:22:01.931859,2026-07-03T11:22:01.933071+00:00,117.2,22,ask,EarnestEspressos,Alan Niu,5684703
2026-07-03T11:22:03.193409,2026-07-03T11:22:03.201637+00:00,117.2,3,ask,EarnestEspressos,Xuanyu Liu,5684729
2026-07-03T11:22:03.602919,2026-07-03T11:22:03.664431+00:00,117.5,50,bid,FlawlessFlatbreads,DiligentDonuts,5684732
2026-07-03T11:22:04.076528,2026-07-03T11:22:04.087793+00:00,117.2,47,ask,EarnestEspressos,CostlyCorianders,5684741
2026-07-03T11:22:05.138136,2026-07-03T11:22:05.184732+00:00,117.2,100,ask,DiligentDonuts,EarnestEspressos,5684762
2026-07-03T11:22:05.709229,2026-07-03T11:22:05.758609+00:00,117.2,50,bid,FlawlessFlatbreads,EarnestEspressos,5684767
2026-07-03T11:22:08.460659,2026-07-03T11:22:08.468013+00:00,117.3,11,ask,EarnestEspressos,Xuanyu Liu,5684799
2026-07-03T11:22:09.974792,2026-07-03T11:22:09.986414+00:00,117.3,50,ask,EarnestEspressos,FlawlessFlatbreads,5684825
2026-07-03T11:22:10.588234,2026-07-03T11:22:10.664724+00:00,117.4,40,bid,CostlyCorianders,DiligentDonuts,5684830
2026-07-03T11:22:12.083764,2026-07-03T11:22:12.095229+00:00,117.2,50,ask,EarnestEspressos,FlawlessFlatbreads,5684851
2026-07-03T11:22:14.190129,2026-07-03T11:22:14.271598+00:00,117.2,50,ask,EarnestEspressos,FlawlessFlatbreads,5684882
2026-07-03T11:22:14.838148,2026-07-03T11:22:14.864211+00:00,117.2,41,bid,CostlyCorianders,EarnestEspressos,5684891
2026-07-03T11:22:14.977059,2026-07-03T11:22:15.064742+00:00,117.2,11,bid,Xuanyu Liu,EarnestEspressos,5684895
2026-07-03T11:22:16.303068,2026-07-03T11:22:16.311683+00:00,117.0,50,ask,DiligentDonuts,FlawlessFlatbreads,5684920
2026-07-03T11:22:18.410120,2026-07-03T11:22:18.559288+00:00,117.0,50,ask,EarnestEspressos,FlawlessFlatbreads,5684945
2026-07-03T11:22:20.498242,2026-07-03T11:22:20.509721+00:00,117.0,48,ask,EarnestEspressos,CostlyCorianders,5684979
2026-07-03T11:22:20.515561,2026-07-03T11:22:20.558644+00:00,117.0,50,ask,EarnestEspressos,FlawlessFlatbreads,5684980
2026-07-03T11:22:20.964229,2026-07-03T11:22:20.984203+00:00,116.9,100,ask,DiligentDonuts,EarnestEspressos,5684987
2026-07-03T11:22:20.975567,2026-07-03T11:22:20.984203+00:00,116.9,3,bid,Xuanyu Liu,EarnestEspressos,5684988
2026-07-03T11:22:21.002265,2026-07-03T11:22:21.026243+00:00,116.9,47,bid,Alan Niu,EarnestEspressos,5684991
2026-07-03T11:22:21.503531,2026-07-03T11:22:21.488458+00:00,117.4,42,bid,CostlyCorianders,DiligentDonuts,5684999
2026-07-03T11:22:22.028908,2026-07-03T11:22:22.158656+00:00,116.4,43,ask,EarnestEspressos,CostlyCorianders,5685012
2026-07-03T11:22:22.621845,2026-07-03T11:22:22.664071+00:00,117.0,50,ask,Alan Niu,FlawlessFlatbreads,5685016
2026-07-03T11:22:23.410060,2026-07-03T11:22:23.458704+00:00,117.4,41,bid,CostlyCorianders,DiligentDonuts,5685039
2026-07-03T11:22:24.727755,2026-07-03T11:22:24.678491+00:00,116.9,50,ask,EarnestEspressos,FlawlessFlatbreads,5685063
2026-07-03T11:22:26.835106,2026-07-03T11:22:26.863591+00:00,117.0,50,ask,Alan Niu,FlawlessFlatbreads,5685102
2026-07-03T11:22:28.671719,2026-07-03T11:22:28.678306+00:00,117.2,53,bid,Alan Niu,EarnestEspressos,5685124
2026-07-03T11:22:28.940894,2026-07-03T11:22:28.959352+00:00,117.0,50,ask,DiligentDonuts,FlawlessFlatbreads,5685130
2026-07-03T11:22:29.092665,2026-07-03T11:22:29.183410+00:00,117.0,47,ask,DiligentDonuts,CostlyCorianders,5685133
2026-07-03T11:22:30.257869,2026-07-03T11:22:30.358666+00:00,117.2,45,bid,CostlyCorianders,EarnestEspressos,5685154
2026-07-03T11:22:31.046935,2026-07-03T11:22:31.163648+00:00,117.5,50,ask,EarnestEspressos,FlawlessFlatbreads,5685175
2026-07-03T11:22:32.468360,2026-07-03T11:22:32.474587+00:00,117.5,40,ask,EarnestEspressos,CostlyCorianders,5685212
2026-07-03T11:22:33.153264,2026-07-03T11:22:33.180303+00:00,117.5,50,ask,EarnestEspressos,FlawlessFlatbreads,5685226
2026-07-03T11:22:33.938650,2026-07-03T11:22:33.963818+00:00,117.2,40,bid,CostlyCorianders,EarnestEspressos,5685250
2026-07-03T11:22:34.491832,2026-07-03T11:22:34.569276+00:00,116.8,49,ask,DiligentDonuts,CostlyCorianders,5685259
2026-07-03T11:22:35.261799,2026-07-03T11:22:35.264166+00:00,116.8,50,ask,DiligentDonuts,FlawlessFlatbreads,5685283
2026-07-03T11:22:36.001339,2026-07-03T11:22:36.011911+00:00,117.2,3,bid,Xuanyu Liu,EarnestEspressos,5685295
2026-07-03T11:22:38.013222,2026-07-03T11:22:38.163924+00:00,117.2,42,bid,CostlyCorianders,DiligentDonuts,5685328
2026-07-03T11:22:38.610280,2026-07-03T11:22:38.619941+00:00,117.2,11,bid,Xuanyu Liu,DiligentDonuts,5685335
2026-07-03T11:22:39.561792,2026-07-03T11:22:39.591320+00:00,117.1,45,ask,EarnestEspressos,CostlyCorianders,5685352
2026-07-03T11:22:45.285243,2026-07-03T11:22:45.358713+00:00,117.5,40,bid,CostlyCorianders,DiligentDonuts,5685427
2026-07-03T11:22:47.916677,2026-07-03T11:22:47.923385+00:00,117.1,50,ask,DiligentDonuts,FlawlessFlatbreads,5685463
2026-07-03T11:22:50.024549,2026-07-03T11:22:50.034143+00:00,116.8,50,ask,DiligentDonuts,FlawlessFlatbreads,5685492
2026-07-03T11:22:51.047908,2026-07-03T11:22:50.986854+00:00,117.3,43,bid,CostlyCorianders,DiligentDonuts,5685508
2026-07-03T11:22:52.028290,2026-07-03T11:22:52.063575+00:00,116.8,43,ask,EarnestEspressos,FlawlessFlatbreads,5685524
2026-07-03T11:22:52.132038,2026-07-03T11:22:52.175582+00:00,116.8,7,ask,DiligentDonuts,FlawlessFlatbreads,5685525
2026-07-03T11:22:52.132038,2026-07-03T11:22:52.175582+00:00,116.8,43,ask,DiligentDonuts,CostlyCorianders,5685526
2026-07-03T11:22:56.009101,2026-07-03T11:22:56.028333+00:00,116.8,48,bid,CostlyCorianders,DiligentDonuts,5685582
2026-07-03T11:22:56.293017,2026-07-03T11:22:56.304325+00:00,116.8,50,bid,FlawlessFlatbreads,DiligentDonuts,5685587
2026-07-03T11:22:57.078105,2026-07-03T11:22:57.086872+00:00,116.8,2,bid,Xuanyu Liu,DiligentDonuts,5685608
2026-07-03T11:22:57.761318,2026-07-03T11:22:57.770043+00:00,116.9,10,bid,Xuanyu Liu,EarnestEspressos,5685614
2026-07-03T11:23:00.007315,2026-07-03T11:23:00.013500+00:00,116.9,48,bid,CostlyCorianders,EarnestEspressos,5685646
2026-07-03T11:23:00.555180,2026-07-03T11:23:00.564456+00:00,116.6,50,ask,DiligentDonuts,FlawlessFlatbreads,5685656
2026-07-03T11:23:02.609665,2026-07-03T11:23:02.659757+00:00,117.0,50,bid,FlawlessFlatbreads,DiligentDonuts,5685682
2026-07-03T11:23:04.430388,2026-07-03T11:23:04.426537+00:00,116.6,42,ask,EarnestEspressos,CostlyCorianders,5685708
2026-07-03T11:23:04.716923,2026-07-03T11:23:04.774337+00:00,117.0,50,bid,FlawlessFlatbreads,DiligentDonuts,5685714
2026-07-03T11:23:06.824716,2026-07-03T11:23:06.798502+00:00,117.0,50,bid,FlawlessFlatbreads,EarnestEspressos,5685750
2026-07-03T11:23:07.313786,2026-07-03T11:23:07.365956+00:00,116.9,46,ask,DiligentDonuts,CostlyCorianders,5685757
2026-07-03T11:23:07.919457,2026-07-03T11:23:07.963671+00:00,117.0,43,bid,CostlyCorianders,EarnestEspressos,5685768
2026-07-03T11:23:08.931926,2026-07-03T11:23:08.963968+00:00,117.3,50,bid,FlawlessFlatbreads,DiligentDonuts,5685786
2026-07-03T11:23:11.091032,2026-07-03T11:23:11.166095+00:00,117.0,50,ask,EarnestEspressos,FlawlessFlatbreads,5685835
2026-07-03T11:23:11.952490,2026-07-03T11:23:11.966466+00:00,117.0,48,ask,DiligentDonuts,CostlyCorianders,5685855
2026-07-03T11:23:12.595461,2026-07-03T11:23:12.663567+00:00,117.3,46,bid,CostlyCorianders,EarnestEspressos,5685865
2026-07-03T11:23:13.197897,2026-07-03T11:23:13.264559+00:00,117.0,50,ask,DiligentDonuts,FlawlessFlatbreads,5685873
2026-07-03T11:23:13.576955,2026-07-03T11:23:13.659971+00:00,117.0,2,ask,DiligentDonuts,CostlyCorianders,5685880
2026-07-03T11:23:13.576955,2026-07-03T11:23:13.659971+00:00,116.8,47,ask,EarnestEspressos,CostlyCorianders,5685881
2026-07-03T11:23:14.165762,2026-07-03T11:23:14.467420+00:00,117.3,47,bid,CostlyCorianders,EarnestEspressos,5685889
2026-07-03T11:23:14.648001,2026-07-03T11:23:14.588463+00:00,116.9,49,ask,DiligentDonuts,CostlyCorianders,5685898
2026-07-03T11:23:15.255424,2026-07-03T11:23:15.268713+00:00,117.4,50,bid,FlawlessFlatbreads,DiligentDonuts,5685906
2026-07-03T11:23:15.276711,2026-07-03T11:23:15.358730+00:00,117.4,49,bid,CostlyCorianders,DiligentDonuts,5685907
2026-07-03T11:23:16.870761,2026-07-03T11:23:16.879653+00:00,117.2,47,ask,EarnestEspressos,CostlyCorianders,5685937
2026-07-03T11:23:17.361782,2026-07-03T11:23:17.458618+00:00,117.4,1,bid,FlawlessFlatbreads,DiligentDonuts,5685948
2026-07-03T11:23:17.361782,2026-07-03T11:23:17.458618+00:00,117.7,49,bid,FlawlessFlatbreads,EarnestEspressos,5685949
2026-07-03T11:23:17.412689,2026-07-03T11:23:17.458618+00:00,117.7,44,bid,CostlyCorianders,EarnestEspressos,5685950
2026-07-03T11:23:17.876320,2026-07-03T11:23:17.959696+00:00,117.4,12,ask,EarnestEspressos,Xuanyu Liu,5685956
2026-07-03T11:23:17.961848,2026-07-03T11:23:17.972063+00:00,117.4,14,ask,EarnestEspressos,Xuanyu Liu,5685961
2026-07-03T11:23:19.520091,2026-07-03T11:23:19.563726+00:00,117.4,50,ask,EarnestEspressos,FlawlessFlatbreads,5685985
2026-07-03T11:23:21.626729,2026-07-03T11:23:21.668460+00:00,117.0,50,ask,DiligentDonuts,FlawlessFlatbreads,5686017
2026-07-03T11:23:22.597466,2026-07-03T11:23:22.764299+00:00,117.0,48,ask,DiligentDonuts,CostlyCorianders,5686031
2026-07-03T11:23:24.171249,2026-07-03T11:23:24.260078+00:00,116.9,3,bid,Xuanyu Liu,DiligentDonuts,5686051
2026-07-03T11:23:24.366597,2026-07-03T11:23:24.375824+00:00,116.9,11,bid,Xuanyu Liu,DiligentDonuts,5686058
2026-07-03T11:23:24.749968,2026-07-03T11:23:24.768716+00:00,116.9,41,bid,CostlyCorianders,DiligentDonuts,5686066
2026-07-03T11:23:25.787100,2026-07-03T11:23:25.860357+00:00,116.9,45,bid,FlawlessFlatbreads,DiligentDonuts,5686084
2026-07-03T11:23:25.787100,2026-07-03T11:23:25.860357+00:00,117.2,5,bid,FlawlessFlatbreads,EarnestEspressos,5686085
2026-07-03T11:23:27.918050,2026-07-03T11:23:27.965505+00:00,117.2,50,bid,FlawlessFlatbreads,DiligentDonuts,5686121
2026-07-03T11:23:31.166406,2026-07-03T11:23:31.265641+00:00,117.0,11,ask,DiligentDonuts,Xuanyu Liu,5686174
2026-07-03T11:23:32.844362,2026-07-03T11:23:32.868435+00:00,117.0,42,ask,DiligentDonuts,CostlyCorianders,5686210
2026-07-03T11:23:34.180411,2026-07-03T11:23:34.178490+00:00,117.0,50,ask,EarnestEspressos,FlawlessFlatbreads,5686226
2026-07-03T11:23:34.239265,2026-07-03T11:23:34.178490+00:00,117.0,47,ask,EarnestEspressos,CostlyCorianders,5686227
2026-07-03T11:23:34.851433,2026-07-03T11:23:34.808464+00:00,117.4,40,bid,CostlyCorianders,DiligentDonuts,5686235
2026-07-03T11:23:35.441280,2026-07-03T11:23:35.375960+00:00,117.4,40,bid,CostlyCorianders,DiligentDonuts,5686248
2026-07-03T11:23:36.236757,2026-07-03T11:23:36.263816+00:00,117.4,20,bid,FlawlessFlatbreads,DiligentDonuts,5686263
2026-07-03T11:23:36.236757,2026-07-03T11:23:36.263816+00:00,117.5,30,bid,FlawlessFlatbreads,EarnestEspressos,5686264
2026-07-03T11:23:36.505969,2026-07-03T11:23:36.563679+00:00,117.0,40,ask,EarnestEspressos,CostlyCorianders,5686274
2026-07-03T11:23:36.893622,2026-07-03T11:23:37.000167+00:00,117.1,100,ask,DiligentDonuts,EarnestEspressos,5686277
2026-07-03T11:23:36.991094,2026-07-03T11:23:37.000167+00:00,116.9,11,bid,Xuanyu Liu,EarnestEspressos,5686280
2026-07-03T11:23:37.760412,2026-07-03T11:23:37.769329+00:00,116.9,12,bid,Xuanyu Liu,EarnestEspressos,5686295
2026-07-03T11:23:38.346685,2026-07-03T11:23:38.268428+00:00,116.9,27,bid,FlawlessFlatbreads,EarnestEspressos,5686305
2026-07-03T11:23:38.346685,2026-07-03T11:23:38.268428+00:00,117.6,23,bid,FlawlessFlatbreads,DiligentDonuts,5686306
2026-07-03T11:23:41.525708,2026-07-03T11:23:41.563665+00:00,117.1,45,ask,EarnestEspressos,CostlyCorianders,5686349
2026-07-03T11:23:42.611028,2026-07-03T11:23:42.664916+00:00,117.1,50,ask,EarnestEspressos,FlawlessFlatbreads,5686366
2026-07-03T11:23:42.962332,2026-07-03T11:23:42.971599+00:00,117.1,12,ask,EarnestEspressos,Xuanyu Liu,5686375
2026-07-03T11:23:44.736969,2026-07-03T11:23:44.872240+00:00,116.9,50,ask,DiligentDonuts,FlawlessFlatbreads,5686405
2026-07-03T11:23:46.848814,2026-07-03T11:23:46.768495+00:00,116.8,50,ask,DiligentDonuts,FlawlessFlatbreads,5686441
2026-07-03T11:23:48.956478,2026-07-03T11:23:48.868497+00:00,116.8,50,ask,DiligentDonuts,FlawlessFlatbreads,5686474
2026-07-03T11:23:49.580611,2026-07-03T11:23:49.588060+00:00,117.1,12,bid,Xuanyu Liu,DiligentDonuts,5686483
2026-07-03T11:23:49.691553,2026-07-03T11:23:49.873288+00:00,117.1,48,bid,CostlyCorianders,DiligentDonuts,5686492
2026-07-03T11:23:50.967994,2026-07-03T11:23:51.060191+00:00,117.1,11,bid,Xuanyu Liu,DiligentDonuts,5686521
2026-07-03T11:23:52.871308,2026-07-03T11:23:52.958691+00:00,117.5,49,bid,CostlyCorianders,DiligentDonuts,5686547
2026-07-03T11:23:53.114714,2026-07-03T11:23:53.169699+00:00,117.5,50,bid,FlawlessFlatbreads,DiligentDonuts,5686550
2026-07-03T11:23:54.090402,2026-07-03T11:23:54.174599+00:00,117.0,48,ask,DiligentDonuts,CostlyCorianders,5686574
2026-07-03T11:23:55.221242,2026-07-03T11:23:55.263999+00:00,117.5,1,bid,FlawlessFlatbreads,DiligentDonuts,5686590
2026-07-03T11:23:55.221242,2026-07-03T11:23:55.263999+00:00,117.5,49,bid,FlawlessFlatbreads,EarnestEspressos,5686591
2026-07-03T11:23:56.673219,2026-07-03T11:23:56.758648+00:00,117.6,46,bid,CostlyCorianders,DiligentDonuts,5686609
2026-07-03T11:23:57.329036,2026-07-03T11:23:57.378945+00:00,117.6,50,bid,FlawlessFlatbreads,DiligentDonuts,5686622
2026-07-03T11:23:58.258710,2026-07-03T11:23:58.370057+00:00,117.1,41,ask,DiligentDonuts,CostlyCorianders,5686635
2026-07-03T11:23:59.435735,2026-07-03T11:23:59.576905+00:00,117.7,50,bid,FlawlessFlatbreads,EarnestEspressos,5686650
2026-07-03T11:23:59.562360,2026-07-03T11:23:59.576905+00:00,117.3,11,ask,DiligentDonuts,Xuanyu Liu,5686651
2026-07-03T11:24:00.495938,2026-07-03T11:24:00.568730+00:00,117.3,40,ask,DiligentDonuts,CostlyCorianders,5686667
2026-07-03T11:24:01.265515,2026-07-03T11:24:01.272787+00:00,117.3,12,ask,DiligentDonuts,Xuanyu Liu,5686688
2026-07-03T11:24:01.542868,2026-07-03T11:24:01.564604+00:00,117.7,50,bid,FlawlessFlatbreads,EarnestEspressos,5686691
2026-07-03T11:24:02.264199,2026-07-03T11:24:02.272844+00:00,117.4,11,ask,EarnestEspressos,Xuanyu Liu,5686702
2026-07-03T11:24:03.651356,2026-07-03T11:24:03.664855+00:00,117.5,50,bid,FlawlessFlatbreads,DiligentDonuts,5686725
2026-07-03T11:24:04.699871,2026-07-03T11:24:04.764147+00:00,117.5,45,bid,CostlyCorianders,DiligentDonuts,5686740
2026-07-03T11:24:05.757736,2026-07-03T11:24:05.769569+00:00,118.0,50,bid,FlawlessFlatbreads,DiligentDonuts,5686760
2026-07-03T11:24:06.121024,2026-07-03T11:24:06.175481+00:00,118.0,45,bid,CostlyCorianders,DiligentDonuts,5686767
2026-07-03T11:24:07.713568,2026-07-03T11:24:07.764514+00:00,117.6,44,ask,EarnestEspressos,CostlyCorianders,5686785
2026-07-03T11:24:07.866803,2026-07-03T11:24:07.971196+00:00,118.0,5,bid,FlawlessFlatbreads,DiligentDonuts,5686791
2026-07-03T11:24:07.866803,2026-07-03T11:24:07.971196+00:00,118.1,45,bid,FlawlessFlatbreads,EarnestEspressos,5686792
2026-07-03T11:24:07.961090,2026-07-03T11:24:07.971196+00:00,117.6,3,ask,EarnestEspressos,Xuanyu Liu,5686797
2026-07-03T11:24:09.823951,2026-07-03T11:24:10.072123+00:00,117.7,48,ask,DiligentDonuts,CostlyCorianders,5686818
2026-07-03T11:24:09.975243,2026-07-03T11:24:10.072123+00:00,118.0,50,bid,FlawlessFlatbreads,EarnestEspressos,5686820
2026-07-03T11:24:11.773048,2026-07-03T11:24:11.775056+00:00,117.6,150,ask,EarnestEspressos,Alan Niu,5686848
2026-07-03T11:24:12.101974,2026-07-03T11:24:12.078457+00:00,118.0,50,bid,FlawlessFlatbreads,DiligentDonuts,5686852
2026-07-03T11:24:12.412525,2026-07-03T11:24:12.408504+00:00,118.0,43,bid,CostlyCorianders,DiligentDonuts,5686859
2026-07-03T11:24:12.951562,2026-07-03T11:24:12.974441+00:00,117.5,41,ask,DiligentDonuts,CostlyCorianders,5686868
2026-07-03T11:24:13.428387,2026-07-03T11:24:13.464282+00:00,117.5,47,ask,DiligentDonuts,CostlyCorianders,5686875
2026-07-03T11:24:14.209335,2026-07-03T11:24:14.177458+00:00,118.0,7,bid,FlawlessFlatbreads,DiligentDonuts,5686883
2026-07-03T11:24:14.209335,2026-07-03T11:24:14.177458+00:00,118.0,43,bid,FlawlessFlatbreads,Alan Niu,5686884
2026-07-03T11:24:14.895128,2026-07-03T11:24:15.060314+00:00,117.7,100,ask,DiligentDonuts,EarnestEspressos,5686899
2026-07-03T11:24:14.924707,2026-07-03T11:24:15.060314+00:00,117.7,50,bid,Alan Niu,EarnestEspressos,5686900
2026-07-03T11:24:16.320774,2026-07-03T11:24:16.360199+00:00,118.1,50,bid,FlawlessFlatbreads,Alan Niu,5686921
2026-07-03T11:24:17.006435,2026-07-03T11:24:17.080041+00:00,118.2,45,bid,CostlyCorianders,DiligentDonuts,5686936
2026-07-03T11:24:18.167106,2026-07-03T11:24:18.180309+00:00,117.7,45,ask,EarnestEspressos,CostlyCorianders,5686954
2026-07-03T11:24:18.430378,2026-07-03T11:24:18.473938+00:00,117.9,50,bid,FlawlessFlatbreads,DiligentDonuts,5686957
2026-07-03T11:24:22.691852,2026-07-03T11:24:22.678481+00:00,118.0,42,bid,CostlyCorianders,DiligentDonuts,5687016
2026-07-03T11:24:23.872958,2026-07-03T11:24:23.968804+00:00,117.9,7,bid,CostlyCorianders,Alan Niu,5687038
2026-07-03T11:24:23.872958,2026-07-03T11:24:23.968804+00:00,118.0,36,bid,CostlyCorianders,DiligentDonuts,5687039
2026-07-03T11:24:24.750770,2026-07-03T11:24:24.768658+00:00,117.8,50,bid,FlawlessFlatbreads,EarnestEspressos,5687051
2026-07-03T11:24:26.998975,2026-07-03T11:24:27.020084+00:00,117.8,43,bid,CostlyCorianders,EarnestEspressos,5687085
2026-07-03T11:24:27.053869,2026-07-03T11:24:27.063613+00:00,117.6,47,ask,DiligentDonuts,CostlyCorianders,5687086
2026-07-03T11:24:27.560236,2026-07-03T11:24:27.569525+00:00,117.8,3,ask,EarnestEspressos,Xuanyu Liu,5687090
2026-07-03T11:24:28.924907,2026-07-03T11:24:28.887010+00:00,117.8,41,ask,EarnestEspressos,CostlyCorianders,5687108
2026-07-03T11:24:28.968773,2026-07-03T11:24:28.974872+00:00,118.0,50,bid,FlawlessFlatbreads,DiligentDonuts,5687109
2026-07-03T11:24:30.165978,2026-07-03T11:24:30.175296+00:00,117.8,23,ask,EarnestEspressos,Xuanyu Liu,5687123
2026-07-03T11:24:31.074204,2026-07-03T11:24:31.084667+00:00,117.7,50,bid,FlawlessFlatbreads,EarnestEspressos,5687135
2026-07-03T11:24:31.469326,2026-07-03T11:24:31.560833+00:00,117.7,12,bid,Xuanyu Liu,EarnestEspressos,5687144
2026-07-03T11:24:31.773574,2026-07-03T11:24:31.778497+00:00,117.7,43,bid,CostlyCorianders,EarnestEspressos,5687153
2026-07-03T11:24:35.335018,2026-07-03T11:24:35.368786+00:00,117.7,50,ask,EarnestEspressos,FlawlessFlatbreads,5687197
2026-07-03T11:24:37.067209,2026-07-03T11:24:37.068452+00:00,117.6,41,ask,DiligentDonuts,CostlyCorianders,5687217
2026-07-03T11:24:37.442010,2026-07-03T11:24:37.464439+00:00,117.6,50,ask,DiligentDonuts,FlawlessFlatbreads,5687221
2026-07-03T11:24:37.618090,2026-07-03T11:24:37.666181+00:00,118.1,41,bid,CostlyCorianders,DiligentDonuts,5687227
2026-07-03T11:24:38.255033,2026-07-03T11:24:38.197937+00:00,117.6,9,ask,DiligentDonuts,CostlyCorianders,5687240
2026-07-03T11:24:38.255033,2026-07-03T11:24:38.263580+00:00,117.6,34,ask,EarnestEspressos,CostlyCorianders,5687241
2026-07-03T11:24:38.819786,2026-07-03T11:24:38.968443+00:00,118.1,44,bid,CostlyCorianders,DiligentDonuts,5687246
2026-07-03T11:24:39.548427,2026-07-03T11:24:39.560649+00:00,117.6,50,ask,EarnestEspressos,FlawlessFlatbreads,5687260
2026-07-03T11:24:40.281108,2026-07-03T11:24:40.285676+00:00,117.6,49,ask,DiligentDonuts,CostlyCorianders,5687267
2026-07-03T11:24:41.655429,2026-07-03T11:24:41.859487+00:00,117.6,50,ask,DiligentDonuts,FlawlessFlatbreads,5687284
2026-07-03T11:24:42.417622,2026-07-03T11:24:42.465728+00:00,117.8,44,bid,CostlyCorianders,EarnestEspressos,5687299
2026-07-03T11:24:43.764025,2026-07-03T11:24:43.858545+00:00,117.5,50,ask,EarnestEspressos,FlawlessFlatbreads,5687319
2026-07-03T11:24:44.578115,2026-07-03T11:24:44.665800+00:00,117.8,11,bid,Xuanyu Liu,DiligentDonuts,5687329
2026-07-03T11:24:45.334022,2026-07-03T11:24:45.464236+00:00,117.5,41,ask,EarnestEspressos,CostlyCorianders,5687340
2026-07-03T11:24:45.867328,2026-07-03T11:24:45.868433+00:00,117.8,40,bid,CostlyCorianders,DiligentDonuts,5687350
2026-07-03T11:24:45.870503,2026-07-03T11:24:45.868433+00:00,117.5,50,ask,EarnestEspressos,FlawlessFlatbreads,5687351
2026-07-03T11:24:46.350177,2026-07-03T11:24:46.364714+00:00,118.0,44,bid,CostlyCorianders,EarnestEspressos,5687356
2026-07-03T11:24:46.404580,2026-07-03T11:24:46.368477+00:00,117.6,47,ask,DiligentDonuts,CostlyCorianders,5687358
2026-07-03T11:24:47.976994,2026-07-03T11:24:48.064433+00:00,117.6,50,ask,DiligentDonuts,FlawlessFlatbreads,5687374
2026-07-03T11:24:49.142452,2026-07-03T11:24:49.264476+00:00,117.8,45,bid,CostlyCorianders,EarnestEspressos,5687389
2026-07-03T11:24:50.727572,2026-07-03T11:24:50.766198+00:00,117.3,47,ask,EarnestEspressos,CostlyCorianders,5687403
2026-07-03T11:24:52.188423,2026-07-03T11:24:52.268809+00:00,117.3,50,ask,EarnestEspressos,FlawlessFlatbreads,5687426
2026-07-03T11:24:52.738511,2026-07-03T11:24:52.763633+00:00,117.3,49,ask,EarnestEspressos,CostlyCorianders,5687436
2026-07-03T11:24:52.859851,2026-07-03T11:24:52.967976+00:00,117.2,100,ask,DiligentDonuts,EarnestEspressos,5687439
2026-07-03T11:24:52.897944,2026-07-03T11:24:52.967976+00:00,117.2,50,bid,Alan Niu,EarnestEspressos,5687441
2026-07-03T11:24:54.244101,2026-07-03T11:24:54.459535+00:00,117.7,50,bid,FlawlessFlatbreads,DiligentDonuts,5687472
2026-07-03T11:24:55.116523,2026-07-03T11:24:55.068246+00:00,117.7,48,bid,CostlyCorianders,DiligentDonuts,5687486
2026-07-03T11:24:55.593633,2026-07-03T11:24:55.664201+00:00,117.4,46,ask,Alan Niu,CostlyCorianders,5687488
2026-07-03T11:24:56.075884,2026-07-03T11:24:56.158634+00:00,117.7,48,bid,CostlyCorianders,DiligentDonuts,5687492
2026-07-03T11:24:56.350137,2026-07-03T11:24:56.366725+00:00,117.7,50,bid,FlawlessFlatbreads,DiligentDonuts,5687500
2026-07-03T11:24:56.621763,2026-07-03T11:24:56.768457+00:00,117.4,47,ask,EarnestEspressos,CostlyCorianders,5687505
2026-07-03T11:24:58.456430,2026-07-03T11:24:58.470068+00:00,117.7,2,bid,FlawlessFlatbreads,DiligentDonuts,5687523
2026-07-03T11:24:58.456430,2026-07-03T11:24:58.475435+00:00,117.9,48,bid,FlawlessFlatbreads,EarnestEspressos,5687524
2026-07-03T11:24:59.801525,2026-07-03T11:24:59.970983+00:00,117.9,45,bid,CostlyCorianders,EarnestEspressos,5687543
2026-07-03T11:25:00.331381,2026-07-03T11:25:00.366163+00:00,117.9,43,bid,CostlyCorianders,EarnestEspressos,5687556
2026-07-03T11:25:00.566206,2026-07-03T11:25:00.765362+00:00,117.9,50,bid,FlawlessFlatbreads,EarnestEspressos,5687562
2026-07-03T11:25:02.294209,2026-07-03T11:25:02.288457+00:00,118.0,96,bid,EarnestEspressos,Alan Niu,5687579
2026-07-03T11:25:02.362979,2026-07-03T11:25:02.373523+00:00,118.0,11,ask,EarnestEspressos,Xuanyu Liu,5687581
2026-07-03T11:25:02.672561,2026-07-03T11:25:02.686502+00:00,118.1,50,bid,FlawlessFlatbreads,DiligentDonuts,5687587
2026-07-03T11:25:03.765929,2026-07-03T11:25:03.775347+00:00,118.0,12,ask,EarnestEspressos,Xuanyu Liu,5687608
2026-07-03T11:25:04.778544,2026-07-03T11:25:04.960071+00:00,118.1,50,bid,FlawlessFlatbreads,DiligentDonuts,5687618
2026-07-03T11:25:05.474150,2026-07-03T11:25:05.581154+00:00,117.8,48,ask,DiligentDonuts,CostlyCorianders,5687623
2026-07-03T11:25:05.566456,2026-07-03T11:25:05.581154+00:00,117.9,12,bid,Xuanyu Liu,EarnestEspressos,5687625
2026-07-03T11:25:06.477180,2026-07-03T11:25:06.488477+00:00,117.9,43,bid,CostlyCorianders,EarnestEspressos,5687642
2026-07-03T11:25:06.884261,2026-07-03T11:25:06.895474+00:00,117.9,50,bid,FlawlessFlatbreads,EarnestEspressos,5687652
2026-07-03T11:25:06.946764,2026-07-03T11:25:06.960265+00:00,117.8,49,ask,DiligentDonuts,CostlyCorianders,5687653
2026-07-03T11:25:07.905907,2026-07-03T11:25:07.960054+00:00,117.8,3,ask,DiligentDonuts,CostlyCorianders,5687665
2026-07-03T11:25:07.905907,2026-07-03T11:25:07.960054+00:00,117.4,39,ask,EarnestEspressos,CostlyCorianders,5687666
2026-07-03T11:25:08.266047,2026-07-03T11:25:08.275884+00:00,117.9,11,bid,Xuanyu Liu,EarnestEspressos,5687676
2026-07-03T11:25:08.865172,2026-07-03T11:25:08.958660+00:00,118.3,43,bid,CostlyCorianders,DiligentDonuts,5687689
2026-07-03T11:25:08.991467,2026-07-03T11:25:09.066199+00:00,118.3,50,bid,FlawlessFlatbreads,DiligentDonuts,5687692
2026-07-03T11:25:09.669989,2026-07-03T11:25:09.679464+00:00,118.0,11,ask,EarnestEspressos,Xuanyu Liu,5687704
2026-07-03T11:25:11.097960,2026-07-03T11:25:11.163974+00:00,118.3,7,bid,FlawlessFlatbreads,DiligentDonuts,5687730
2026-07-03T11:25:11.097960,2026-07-03T11:25:11.163974+00:00,118.5,43,bid,FlawlessFlatbreads,EarnestEspressos,5687731
2026-07-03T11:25:12.215142,2026-07-03T11:25:12.168478+00:00,118.0,43,ask,EarnestEspressos,CostlyCorianders,5687740
2026-07-03T11:25:15.926738,2026-07-03T11:25:16.059316+00:00,118.4,44,bid,CostlyCorianders,EarnestEspressos,5687799
2026-07-03T11:25:16.505509,2026-07-03T11:25:16.574237+00:00,118.1,40,ask,DiligentDonuts,CostlyCorianders,5687802
2026-07-03T11:25:17.481120,2026-07-03T11:25:17.565376+00:00,118.1,50,ask,DiligentDonuts,FlawlessFlatbreads,5687814
2026-07-03T11:25:19.589069,2026-07-03T11:25:19.609094+00:00,118.2,50,ask,EarnestEspressos,FlawlessFlatbreads,5687840
2026-07-03T11:25:22.352335,2026-07-03T11:25:22.474366+00:00,118.3,48,bid,CostlyCorianders,DiligentDonuts,5687873
2026-07-03T11:25:22.881804,2026-07-03T11:25:22.964469+00:00,118.3,44,bid,CostlyCorianders,DiligentDonuts,5687888
2026-07-03T11:25:23.805532,2026-07-03T11:25:23.775416+00:00,118.0,50,ask,EarnestEspressos,FlawlessFlatbreads,5687894
2026-07-03T11:25:25.821239,2026-07-03T11:25:25.861551+00:00,118.3,49,ask,DiligentDonuts,CostlyCorianders,5687920
2026-07-03T11:25:25.912636,2026-07-03T11:25:25.973988+00:00,118.3,50,ask,DiligentDonuts,FlawlessFlatbreads,5687922
2026-07-03T11:25:28.022033,2026-07-03T11:25:28.058763+00:00,118.0,50,ask,DiligentDonuts,FlawlessFlatbreads,5687950
2026-07-03T11:25:30.076442,2026-07-03T11:25:30.261756+00:00,118.4,50,bid,FlawlessFlatbreads,EarnestEspressos,5687982
2026-07-03T11:25:30.512527,2026-07-03T11:25:30.673906+00:00,118.4,49,bid,CostlyCorianders,EarnestEspressos,5687988
2026-07-03T11:25:30.753833,2026-07-03T11:25:30.763668+00:00,118.3,100,bid,EarnestEspressos,DiligentDonuts,5687994
2026-07-03T11:25:31.861228,2026-07-03T11:25:31.959600+00:00,118.3,12,ask,EarnestEspressos,Xuanyu Liu,5688020
2026-07-03T11:25:34.339553,2026-07-03T11:25:34.370565+00:00,118.0,50,ask,DiligentDonuts,FlawlessFlatbreads,5688062
2026-07-03T11:25:36.361518,2026-07-03T11:25:36.370475+00:00,118.2,12,bid,Xuanyu Liu,EarnestEspressos,5688080
2026-07-03T11:25:36.394291,2026-07-03T11:25:36.375465+00:00,118.2,50,bid,FlawlessFlatbreads,EarnestEspressos,5688082
2026-07-03T11:25:38.550886,2026-07-03T11:25:38.563958+00:00,118.1,50,ask,EarnestEspressos,FlawlessFlatbreads,5688121
2026-07-03T11:25:39.035152,2026-07-03T11:25:39.060461+00:00,118.1,41,ask,EarnestEspressos,CostlyCorianders,5688128
2026-07-03T11:25:40.606638,2026-07-03T11:25:40.609570+00:00,118.3,50,bid,FlawlessFlatbreads,EarnestEspressos,5688149
2026-07-03T11:25:40.972988,2026-07-03T11:25:41.059796+00:00,118.3,11,bid,Xuanyu Liu,EarnestEspressos,5688154
2026-07-03T11:25:41.569550,2026-07-03T11:25:41.660327+00:00,118.0,44,ask,DiligentDonuts,CostlyCorianders,5688163
2026-07-03T11:25:42.265954,2026-07-03T11:25:42.274706+00:00,118.3,3,bid,Xuanyu Liu,EarnestEspressos,5688176
2026-07-03T11:25:42.715593,2026-07-03T11:25:42.767637+00:00,118.3,50,bid,FlawlessFlatbreads,EarnestEspressos,5688180
2026-07-03T11:25:43.563097,2026-07-03T11:25:43.573151+00:00,118.5,3,ask,EarnestEspressos,Xuanyu Liu,5688194
2026-07-03T11:25:43.574446,2026-07-03T11:25:43.582692+00:00,118.5,23,ask,EarnestEspressos,Xuanyu Liu,5688197
2026-07-03T11:25:44.822771,2026-07-03T11:25:44.965239+00:00,118.6,50,bid,FlawlessFlatbreads,DiligentDonuts,5688213
2026-07-03T11:25:45.007655,2026-07-03T11:25:45.059989+00:00,118.5,44,ask,EarnestEspressos,CostlyCorianders,5688216
2026-07-03T11:25:45.653833,2026-07-03T11:25:45.759141+00:00,118.6,45,bid,CostlyCorianders,DiligentDonuts,5688226
2026-07-03T11:25:46.816065,2026-07-03T11:25:46.858646+00:00,118.3,44,ask,DiligentDonuts,CostlyCorianders,5688247
2026-07-03T11:25:46.930436,2026-07-03T11:25:46.878497+00:00,118.6,50,bid,FlawlessFlatbreads,EarnestEspressos,5688249
2026-07-03T11:25:49.038611,2026-07-03T11:25:49.063730+00:00,118.6,50,bid,FlawlessFlatbreads,EarnestEspressos,5688272
2026-07-03T11:25:50.758080,2026-07-03T11:25:50.764457+00:00,118.4,44,bid,CostlyCorianders,DiligentDonuts,5688291
2026-07-03T11:25:51.144433,2026-07-03T11:25:51.163685+00:00,118.4,50,bid,FlawlessFlatbreads,DiligentDonuts,5688299
2026-07-03T11:25:57.467291,2026-07-03T11:25:57.468484+00:00,118.8,50,bid,FlawlessFlatbreads,DiligentDonuts,5688369
2026-07-03T11:25:59.628322,2026-07-03T11:25:59.668424+00:00,118.5,50,ask,DiligentDonuts,FlawlessFlatbreads,5688391
2026-07-03T11:26:00.869556,2026-07-03T11:26:00.964476+00:00,118.9,47,bid,CostlyCorianders,EarnestEspressos,5688405
2026-07-03T11:26:03.787690,2026-07-03T11:26:03.864885+00:00,119.0,50,bid,FlawlessFlatbreads,DiligentDonuts,5688444
2026-07-03T11:26:04.571450,2026-07-03T11:26:04.582969+00:00,118.7,23,ask,EarnestEspressos,Xuanyu Liu,5688454
2026-07-03T11:26:04.936583,2026-07-03T11:26:05.159130+00:00,118.7,45,ask,EarnestEspressos,CostlyCorianders,5688462
2026-07-03T11:26:06.572493,2026-07-03T11:26:06.660436+00:00,118.5,43,ask,DiligentDonuts,CostlyCorianders,5688481
2026-07-03T11:26:07.064986,2026-07-03T11:26:07.158780+00:00,118.8,43,bid,CostlyCorianders,EarnestEspressos,5688489
2026-07-03T11:26:09.539521,2026-07-03T11:26:09.658675+00:00,118.8,41,bid,CostlyCorianders,DiligentDonuts,5688529
2026-07-03T11:26:11.107865,2026-07-03T11:26:11.165083+00:00,118.4,42,ask,EarnestEspressos,CostlyCorianders,5688548
2026-07-03T11:26:13.868689,2026-07-03T11:26:13.959281+00:00,118.7,12,bid,Xuanyu Liu,EarnestEspressos,5688584
2026-07-03T11:26:15.165129,2026-07-03T11:26:15.259850+00:00,118.4,11,bid,Xuanyu Liu,EarnestEspressos,5688605
2026-07-03T11:26:16.131016,2026-07-03T11:26:16.166934+00:00,118.4,48,bid,CostlyCorianders,EarnestEspressos,5688622
2026-07-03T11:26:18.081869,2026-07-03T11:26:18.168819+00:00,118.4,91,bid,DiligentDonuts,EarnestEspressos,5688655
2026-07-03T11:26:18.195900,2026-07-03T11:26:18.264102+00:00,118.9,100,bid,EarnestEspressos,DiligentDonuts,5688656
2026-07-03T11:26:18.359741,2026-07-03T11:26:18.370105+00:00,118.9,45,ask,EarnestEspressos,Xuanyu Liu,5688657
2026-07-03T11:26:18.623130,2026-07-03T11:26:18.660247+00:00,118.9,5,ask,EarnestEspressos,FlawlessFlatbreads,5688661
2026-07-03T11:26:18.623130,2026-07-03T11:26:18.660247+00:00,118.4,9,ask,DiligentDonuts,FlawlessFlatbreads,5688662
2026-07-03T11:26:21.572576,2026-07-03T11:26:21.760348+00:00,118.4,41,ask,DiligentDonuts,CostlyCorianders,5688706
2026-07-03T11:26:22.841648,2026-07-03T11:26:22.768488+00:00,118.4,50,ask,DiligentDonuts,FlawlessFlatbreads,5688720
2026-07-03T11:26:22.962346,2026-07-03T11:26:26.258655+00:00,118.7,11,bid,Xuanyu Liu,EarnestEspressos,5688725
2026-07-03T11:26:24.947964,2026-07-03T11:26:26.258655+00:00,118.2,50,ask,EarnestEspressos,FlawlessFlatbreads,5688757
2026-07-03T11:26:25.130864,2026-07-03T11:26:26.258655+00:00,118.5,44,bid,CostlyCorianders,DiligentDonuts,5688759
2026-07-03T11:26:26.541939,2026-07-03T11:26:26.563721+00:00,118.2,43,ask,EarnestEspressos,CostlyCorianders,5688773
2026-07-03T11:26:27.053129,2026-07-03T11:26:27.158995+00:00,118.2,50,ask,EarnestEspressos,FlawlessFlatbreads,5688780
2026-07-03T11:26:27.745664,2026-07-03T11:26:27.768485+00:00,117.9,100,ask,DiligentDonuts,EarnestEspressos,5688793
2026-07-03T11:26:27.861965,2026-07-03T11:26:28.360755+00:00,117.9,50,bid,Xuanyu Liu,EarnestEspressos,5688797
2026-07-03T11:26:29.160800,2026-07-03T11:26:29.165182+00:00,117.4,50,ask,EarnestEspressos,FlawlessFlatbreads,5688823
2026-07-03T11:26:31.266599,2026-07-03T11:26:32.260704+00:00,118.1,50,ask,EarnestEspressos,FlawlessFlatbreads,5688853
2026-07-03T11:26:31.799252,2026-07-03T11:26:32.260704+00:00,118.5,40,bid,CostlyCorianders,DiligentDonuts,5688862
2026-07-03T11:26:32.264975,2026-07-03T11:26:32.360282+00:00,118.1,42,ask,EarnestEspressos,CostlyCorianders,5688883
2026-07-03T11:26:34.270413,2026-07-03T11:26:34.268454+00:00,118.2,41,ask,DiligentDonuts,CostlyCorianders,5688916
2026-07-03T11:26:35.204063,2026-07-03T11:26:35.260023+00:00,118.5,41,bid,CostlyCorianders,EarnestEspressos,5688927
2026-07-03T11:26:35.477853,2026-07-03T11:26:35.568468+00:00,118.2,50,ask,DiligentDonuts,FlawlessFlatbreads,5688930
2026-07-03T11:26:36.325788,2026-07-03T11:26:36.758716+00:00,118.2,9,ask,DiligentDonuts,CostlyCorianders,5688946
2026-07-03T11:26:36.325788,2026-07-03T11:26:36.758716+00:00,118.0,35,ask,EarnestEspressos,CostlyCorianders,5688947
2026-07-03T11:26:37.561213,2026-07-03T11:26:37.667215+00:00,118.2,10,bid,Xuanyu Liu,DiligentDonuts,5688968
2026-07-03T11:26:37.586894,2026-07-03T11:26:37.667215+00:00,117.8,50,ask,EarnestEspressos,FlawlessFlatbreads,5688969
2026-07-03T11:26:38.382630,2026-07-03T11:26:38.658866+00:00,118.2,46,bid,CostlyCorianders,DiligentDonuts,5688987
2026-07-03T11:26:38.641037,2026-07-03T11:26:38.762601+00:00,118.2,44,bid,Alan Niu,DiligentDonuts,5688994
2026-07-03T11:26:39.693123,2026-07-03T11:26:39.675912+00:00,117.8,50,ask,EarnestEspressos,FlawlessFlatbreads,5689012
2026-07-03T11:26:40.351969,2026-07-03T11:26:40.364528+00:00,118.5,46,bid,CostlyCorianders,DiligentDonuts,5689018
2026-07-03T11:26:40.392135,2026-07-03T11:26:40.466643+00:00,118.0,100,ask,DiligentDonuts,EarnestEspressos,5689019
2026-07-03T11:26:41.272805,2026-07-03T11:26:41.363507+00:00,117.9,50,bid,Alan Niu,EarnestEspressos,5689033
2026-07-03T11:26:41.797892,2026-07-03T11:26:41.864222+00:00,117.8,50,ask,Alan Niu,FlawlessFlatbreads,5689046
2026-07-03T11:26:43.903794,2026-07-03T11:26:43.968502+00:00,118.0,50,ask,EarnestEspressos,FlawlessFlatbreads,5689072
2026-07-03T11:26:45.959354,2026-07-03T11:26:45.968498+00:00,118.4,50,bid,FlawlessFlatbreads,DiligentDonuts,5689094
2026-07-03T11:26:46.368772,2026-07-03T11:26:46.458838+00:00,118.0,45,ask,EarnestEspressos,CostlyCorianders,5689098
2026-07-03T11:26:46.713374,2026-07-03T11:26:46.759529+00:00,118.2,100,ask,DiligentDonuts,EarnestEspressos,5689108
2026-07-03T11:26:47.482178,2026-07-03T11:26:47.660686+00:00,118.2,42,bid,CostlyCorianders,EarnestEspressos,5689116
2026-07-03T11:26:48.067463,2026-07-03T11:26:48.160267+00:00,118.2,8,bid,FlawlessFlatbreads,EarnestEspressos,5689132
2026-07-03T11:26:48.628217,2026-07-03T11:26:48.760152+00:00,117.7,40,ask,EarnestEspressos,CostlyCorianders,5689143
2026-07-03T11:26:50.174633,2026-07-03T11:26:50.276095+00:00,118.1,50,bid,FlawlessFlatbreads,DiligentDonuts,5689172
2026-07-03T11:26:52.014733,2026-07-03T11:26:52.064853+00:00,118.1,45,bid,CostlyCorianders,DiligentDonuts,5689190
2026-07-03T11:26:52.278806,2026-07-03T11:26:52.359990+00:00,118.1,5,bid,FlawlessFlatbreads,DiligentDonuts,5689191
2026-07-03T11:26:52.278806,2026-07-03T11:26:52.359990+00:00,118.4,45,bid,FlawlessFlatbreads,EarnestEspressos,5689192
2026-07-03T11:26:52.992476,2026-07-03T11:26:53.000679+00:00,118.3,3,ask,EarnestEspressos,Xuanyu Liu,5689208
2026-07-03T11:26:56.237948,2026-07-03T11:26:56.263590+00:00,118.5,144,ask,EarnestEspressos,Alan Niu,5689266
2026-07-03T11:26:56.493946,2026-07-03T11:26:56.568450+00:00,118.8,50,bid,FlawlessFlatbreads,DiligentDonuts,5689268
2026-07-03T11:26:59.363119,2026-07-03T11:26:59.460071+00:00,118.8,100,ask,DiligentDonuts,EarnestEspressos,5689317
2026-07-03T11:27:00.424045,2026-07-03T11:27:00.463689+00:00,118.2,42,ask,Alan Niu,CostlyCorianders,5689341
2026-07-03T11:27:00.708785,2026-07-03T11:27:00.774934+00:00,118.6,50,bid,FlawlessFlatbreads,EarnestEspressos,5689348
2026-07-03T11:27:01.368695,2026-07-03T11:27:01.458851+00:00,118.1,44,ask,EarnestEspressos,CostlyCorianders,5689358
2026-07-03T11:27:02.816385,2026-07-03T11:27:02.865304+00:00,118.6,42,bid,FlawlessFlatbreads,Alan Niu,5689383
2026-07-03T11:27:02.816385,2026-07-03T11:27:02.865304+00:00,118.8,8,bid,FlawlessFlatbreads,DiligentDonuts,5689384
2026-07-03T11:27:05.517068,2026-07-03T11:27:05.563897+00:00,118.8,42,bid,CostlyCorianders,EarnestEspressos,5689425
2026-07-03T11:27:06.120417,2026-07-03T11:27:06.164906+00:00,118.7,43,ask,EarnestEspressos,CostlyCorianders,5689434
2026-07-03T11:27:07.075996,2026-07-03T11:27:07.168450+00:00,118.7,50,ask,EarnestEspressos,FlawlessFlatbreads,5689446
2026-07-03T11:27:09.132027,2026-07-03T11:27:09.174459+00:00,118.8,50,bid,FlawlessFlatbreads,EarnestEspressos,5689478
2026-07-03T11:27:11.063964,2026-07-03T11:27:11.068467+00:00,118.8,48,bid,CostlyCorianders,EarnestEspressos,5689504
2026-07-03T11:27:11.241447,2026-07-03T11:27:11.274429+00:00,118.8,50,bid,FlawlessFlatbreads,EarnestEspressos,5689508
2026-07-03T11:27:12.062938,2026-07-03T11:27:12.160738+00:00,118.9,23,ask,EarnestEspressos,Xuanyu Liu,5689522
2026-07-03T11:27:12.457094,2026-07-03T11:27:12.465658+00:00,118.9,41,ask,EarnestEspressos,CostlyCorianders,5689531
2026-07-03T11:27:12.862726,2026-07-03T11:27:12.871950+00:00,118.9,11,ask,EarnestEspressos,Xuanyu Liu,5689539
2026-07-03T11:27:13.350687,2026-07-03T11:27:13.272826+00:00,119.0,50,bid,FlawlessFlatbreads,DiligentDonuts,5689546
2026-07-03T11:27:13.921950,2026-07-03T11:27:13.969116+00:00,119.0,49,bid,CostlyCorianders,DiligentDonuts,5689557
2026-07-03T11:27:15.509959,2026-07-03T11:27:15.568464+00:00,118.8,50,ask,DiligentDonuts,FlawlessFlatbreads,5689581
2026-07-03T11:27:17.621403,2026-07-03T11:27:17.668440+00:00,118.8,50,ask,DiligentDonuts,FlawlessFlatbreads,5689604
2026-07-03T11:27:17.928884,2026-07-03T11:27:17.960914+00:00,118.6,41,ask,EarnestEspressos,CostlyCorianders,5689610
2026-07-03T11:27:19.366225,2026-07-03T11:27:19.377539+00:00,119.3,44,bid,CostlyCorianders,DiligentDonuts,5689635
2026-07-03T11:27:19.728811,2026-07-03T11:27:19.860632+00:00,118.8,50,ask,DiligentDonuts,FlawlessFlatbreads,5689637
2026-07-03T11:27:21.835624,2026-07-03T11:27:21.878965+00:00,118.7,50,ask,DiligentDonuts,FlawlessFlatbreads,5689659
2026-07-03T11:27:21.838836,2026-07-03T11:27:21.878965+00:00,119.1,48,bid,CostlyCorianders,EarnestEspressos,5689660
2026-07-03T11:27:23.890875,2026-07-03T11:27:23.960446+00:00,119.1,50,bid,FlawlessFlatbreads,EarnestEspressos,5689700
2026-07-03T11:27:24.635230,2026-07-03T11:27:24.568505+00:00,119.2,100,bid,EarnestEspressos,DiligentDonuts,5689717
2026-07-03T11:27:25.998022,2026-07-03T11:27:26.069012+00:00,119.7,50,bid,FlawlessFlatbreads,EarnestEspressos,5689746
2026-07-03T11:27:26.086222,2026-07-03T11:27:26.159112+00:00,119.2,44,ask,EarnestEspressos,CostlyCorianders,5689747
2026-07-03T11:27:28.104115,2026-07-03T11:27:28.164405+00:00,119.4,50,bid,FlawlessFlatbreads,EarnestEspressos,5689785
2026-07-03T11:27:32.365343,2026-07-03T11:27:32.464693+00:00,119.0,50,ask,DiligentDonuts,FlawlessFlatbreads,5689848
2026-07-03T11:27:33.064335,2026-07-03T11:27:33.158639+00:00,119.0,42,ask,DiligentDonuts,CostlyCorianders,5689855
2026-07-03T11:27:33.640089,2026-07-03T11:27:33.961171+00:00,119.0,8,ask,DiligentDonuts,CostlyCorianders,5689863
2026-07-03T11:27:33.640089,2026-07-03T11:27:33.961171+00:00,119.0,33,ask,EarnestEspressos,CostlyCorianders,5689864
2026-07-03T11:27:36.333623,2026-07-03T11:27:36.364831+00:00,119.2,42,bid,CostlyCorianders,DiligentDonuts,5689896
2026-07-03T11:27:37.518567,2026-07-03T11:27:37.659090+00:00,119.3,49,bid,CostlyCorianders,DiligentDonuts,5689919
2026-07-03T11:27:38.992197,2026-07-03T11:27:39.068499+00:00,118.9,49,ask,EarnestEspressos,CostlyCorianders,5689933
2026-07-03T11:27:39.554179,2026-07-03T11:27:39.468492+00:00,119.3,49,bid,CostlyCorianders,DiligentDonuts,5689939
2026-07-03T11:27:40.794246,2026-07-03T11:27:40.864120+00:00,119.2,50,ask,DiligentDonuts,FlawlessFlatbreads,5689954
2026-07-03T11:27:42.219127,2026-07-03T11:27:42.364865+00:00,119.3,46,bid,CostlyCorianders,EarnestEspressos,5689973
2026-07-03T11:27:42.850547,2026-07-03T11:27:42.962199+00:00,119.3,50,bid,FlawlessFlatbreads,EarnestEspressos,5689981
2026-07-03T11:27:45.568656,2026-07-03T11:27:45.660426+00:00,119.2,12,ask,EarnestEspressos,Xuanyu Liu,5690015
2026-07-03T11:27:45.714185,2026-07-03T11:27:45.770392+00:00,119.2,47,ask,EarnestEspressos,CostlyCorianders,5690021
2026-07-03T11:27:46.866594,2026-07-03T11:27:46.964887+00:00,119.1,12,bid,Xuanyu Liu,EarnestEspressos,5690041
2026-07-03T11:27:46.901109,2026-07-03T11:27:46.964887+00:00,119.1,44,bid,CostlyCorianders,EarnestEspressos,5690043
2026-07-03T11:27:47.063812,2026-07-03T11:27:47.158777+00:00,119.1,50,bid,FlawlessFlatbreads,EarnestEspressos,5690049
2026-07-03T11:27:48.361469,2026-07-03T11:27:48.563119+00:00,119.1,11,bid,Xuanyu Liu,EarnestEspressos,5690073
2026-07-03T11:27:49.170185,2026-07-03T11:27:49.560584+00:00,119.1,33,bid,FlawlessFlatbreads,EarnestEspressos,5690084
2026-07-03T11:27:49.170185,2026-07-03T11:27:49.560584+00:00,119.4,17,bid,FlawlessFlatbreads,DiligentDonuts,5690085
2026-07-03T11:27:49.960787,2026-07-03T11:27:50.159849+00:00,119.5,23,ask,EarnestEspressos,Xuanyu Liu,5690095
2026-07-03T11:27:50.961322,2026-07-03T11:27:50.969518+00:00,119.5,22,ask,EarnestEspressos,Xuanyu Liu,5690122
2026-07-03T11:27:53.184544,2026-07-03T11:27:53.352950+00:00,119.3,42,ask,EarnestEspressos,CostlyCorianders,5690159
2026-07-03T11:27:53.385996,2026-07-03T11:27:53.458792+00:00,119.7,50,bid,FlawlessFlatbreads,DiligentDonuts,5690165
2026-07-03T11:27:54.361010,2026-07-03T11:27:54.364198+00:00,119.3,40,ask,EarnestEspressos,CostlyCorianders,5690173
2026-07-03T11:27:54.911260,2026-07-03T11:27:55.061337+00:00,119.3,44,ask,EarnestEspressos,CostlyCorianders,5690187
2026-07-03T11:27:55.513660,2026-07-03T11:27:55.561273+00:00,119.7,50,bid,FlawlessFlatbreads,DiligentDonuts,5690192
2026-07-03T11:27:56.165812,2026-07-03T11:27:56.264698+00:00,119.8,11,bid,Xuanyu Liu,EarnestEspressos,5690200
2026-07-03T11:27:56.190182,2026-07-03T11:27:56.264698+00:00,119.8,100,bid,DiligentDonuts,EarnestEspressos,5690201
2026-07-03T11:27:59.732752,2026-07-03T11:27:59.765131+00:00,120.0,50,bid,FlawlessFlatbreads,DiligentDonuts,5690256
2026-07-03T11:28:00.449877,2026-07-03T11:28:00.464606+00:00,120.0,40,bid,CostlyCorianders,DiligentDonuts,5690270
2026-07-03T11:28:01.093843,2026-07-03T11:28:01.163874+00:00,119.5,49,ask,DiligentDonuts,CostlyCorianders,5690277
2026-07-03T11:28:01.893342,2026-07-03T11:28:01.959621+00:00,119.5,50,ask,DiligentDonuts,FlawlessFlatbreads,5690290
2026-07-03T11:28:02.109244,2026-07-03T11:28:02.164806+00:00,120.0,10,bid,CostlyCorianders,DiligentDonuts,5690293
2026-07-03T11:28:02.109244,2026-07-03T11:28:02.164806+00:00,120.0,35,bid,CostlyCorianders,EarnestEspressos,5690294
2026-07-03T11:28:02.737865,2026-07-03T11:28:02.678475+00:00,119.9,42,bid,CostlyCorianders,DiligentDonuts,5690310
2026-07-03T11:28:02.792618,2026-07-03T11:28:02.869769+00:00,119.6,43,ask,EarnestEspressos,CostlyCorianders,5690311
2026-07-03T11:28:04.028098,2026-07-03T11:28:04.158986+00:00,119.6,50,ask,EarnestEspressos,FlawlessFlatbreads,5690331
2026-07-03T11:28:04.881758,2026-07-03T11:28:04.960434+00:00,119.9,40,bid,CostlyCorianders,DiligentDonuts,5690340
2026-07-03T11:28:06.136427,2026-07-03T11:28:06.173955+00:00,119.8,50,ask,DiligentDonuts,FlawlessFlatbreads,5690356
2026-07-03T11:28:07.461746,2026-07-03T11:28:07.564146+00:00,119.8,41,ask,DiligentDonuts,CostlyCorianders,5690379
2026-07-03T11:28:08.243318,2026-07-03T11:28:08.359968+00:00,119.8,9,ask,DiligentDonuts,FlawlessFlatbreads,5690389
2026-07-03T11:28:08.243318,2026-07-03T11:28:08.359968+00:00,119.4,41,ask,EarnestEspressos,FlawlessFlatbreads,5690390
2026-07-03T11:28:08.659589,2026-07-03T11:28:08.671286+00:00,119.4,48,ask,EarnestEspressos,CostlyCorianders,5690391
2026-07-03T11:28:09.000777,2026-07-03T11:28:09.259797+00:00,119.5,100,ask,DiligentDonuts,EarnestEspressos,5690397
2026-07-03T11:28:09.163469,2026-07-03T11:28:09.259797+00:00,119.5,34,bid,Xuanyu Liu,EarnestEspressos,5690404
2026-07-03T11:28:10.350900,2026-07-03T11:28:10.363698+00:00,119.0,50,ask,EarnestEspressos,FlawlessFlatbreads,5690421
2026-07-03T11:28:11.869263,2026-07-03T11:28:11.965814+00:00,119.5,12,bid,Xuanyu Liu,EarnestEspressos,5690442
2026-07-03T11:28:12.470931,2026-07-03T11:28:12.476935+00:00,119.5,50,ask,EarnestEspressos,FlawlessFlatbreads,5690445
2026-07-03T11:28:14.576380,2026-07-03T11:28:14.664346+00:00,119.5,50,ask,EarnestEspressos,FlawlessFlatbreads,5690481
2026-07-03T11:28:16.424079,2026-07-03T11:28:16.558701+00:00,119.6,42,bid,CostlyCorianders,EarnestEspressos,5690511
2026-07-03T11:28:16.689943,2026-07-03T11:28:16.860876+00:00,119.3,50,ask,DiligentDonuts,FlawlessFlatbreads,5690515
2026-07-03T11:28:18.797394,2026-07-03T11:28:18.970208+00:00,119.3,50,ask,DiligentDonuts,FlawlessFlatbreads,5690552
2026-07-03T11:28:19.594031,2026-07-03T11:28:19.765054+00:00,119.8,46,bid,CostlyCorianders,DiligentDonuts,5690567
2026-07-03T11:28:20.904197,2026-07-03T11:28:21.065724+00:00,119.3,50,ask,DiligentDonuts,FlawlessFlatbreads,5690579
2026-07-03T11:28:23.013928,2026-07-03T11:28:23.064244+00:00,119.5,50,ask,EarnestEspressos,FlawlessFlatbreads,5690609
2026-07-03T11:28:23.469904,2026-07-03T11:28:23.567843+00:00,119.7,11,bid,Xuanyu Liu,DiligentDonuts,5690621
2026-07-03T11:28:23.667550,2026-07-03T11:28:23.760542+00:00,119.7,3,bid,Xuanyu Liu,DiligentDonuts,5690627
2026-07-03T11:28:23.716543,2026-07-03T11:28:23.760542+00:00,119.5,42,ask,EarnestEspressos,CostlyCorianders,5690629
2026-07-03T11:28:25.121000,2026-07-03T11:28:25.264790+00:00,119.6,50,ask,Alan Niu,FlawlessFlatbreads,5690646
2026-07-03T11:28:27.176780,2026-07-03T11:28:27.264660+00:00,119.8,50,bid,FlawlessFlatbreads,EarnestEspressos,5690685
2026-07-03T11:28:29.284295,2026-07-03T11:28:29.364983+00:00,119.8,50,bid,FlawlessFlatbreads,DiligentDonuts,5690724
2026-07-03T11:28:30.282992,2026-07-03T11:28:30.368905+00:00,119.8,49,bid,CostlyCorianders,DiligentDonuts,5690746
2026-07-03T11:28:31.427348,2026-07-03T11:28:31.463638+00:00,119.6,42,ask,DiligentDonuts,CostlyCorianders,5690765
2026-07-03T11:28:31.442520,2026-07-03T11:28:31.463638+00:00,119.6,50,ask,DiligentDonuts,FlawlessFlatbreads,5690766
2026-07-03T11:28:33.549645,2026-07-03T11:28:33.559871+00:00,119.6,8,ask,DiligentDonuts,FlawlessFlatbreads,5690786
2026-07-03T11:28:33.549645,2026-07-03T11:28:33.559871+00:00,119.5,42,ask,Alan Niu,FlawlessFlatbreads,5690787
2026-07-03T11:28:35.843110,2026-07-03T11:28:36.063554+00:00,119.9,43,bid,CostlyCorianders,DiligentDonuts,5690821
2026-07-03T11:28:37.712284,2026-07-03T11:28:37.864349+00:00,119.9,50,bid,FlawlessFlatbreads,EarnestEspressos,5690846
2026-07-03T11:28:39.869997,2026-07-03T11:28:39.960836+00:00,119.5,50,ask,DiligentDonuts,FlawlessFlatbreads,5690890
2026-07-03T11:28:40.689020,2026-07-03T11:28:52.411021+00:00,120.0,100,bid,Alan Niu,DiligentDonuts,5690906
2026-07-03T11:28:41.139384,2026-07-03T11:28:52.411021+00:00,119.8,47,ask,EarnestEspressos,CostlyCorianders,5690922
2026-07-03T11:28:41.923911,2026-07-03T11:28:52.411021+00:00,120.3,50,bid,FlawlessFlatbreads,EarnestEspressos,5690940
2026-07-03T11:28:43.763155,2026-07-03T11:28:52.411021+00:00,120.4,48,bid,CostlyCorianders,DiligentDonuts,5690963
2026-07-03T11:28:44.081995,2026-07-03T11:28:52.411021+00:00,119.9,50,ask,DiligentDonuts,FlawlessFlatbreads,5690966
2026-07-03T11:28:45.432028,2026-07-03T11:28:52.411021+00:00,120.2,48,bid,CostlyCorianders,Alan Niu,5690983
2026-07-03T11:28:45.486418,2026-07-03T11:28:52.411021+00:00,119.9,45,ask,DiligentDonuts,CostlyCorianders,5690984
2026-07-03T11:28:46.138376,2026-07-03T11:28:52.411021+00:00,120.2,50,bid,FlawlessFlatbreads,Alan Niu,5690996
2026-07-03T11:28:47.106480,2026-07-03T11:28:52.411021+00:00,119.8,46,ask,EarnestEspressos,CostlyCorianders,5691019
2026-07-03T11:28:48.297607,2026-07-03T11:28:52.411021+00:00,119.8,50,ask,EarnestEspressos,FlawlessFlatbreads,5691040
2026-07-03T11:28:49.803246,2026-07-03T11:28:52.411021+00:00,120.2,46,bid,CostlyCorianders,DiligentDonuts,5691072
2026-07-03T11:28:50.134681,2026-07-03T11:28:52.411021+00:00,119.7,100,ask,DiligentDonuts,EarnestEspressos,5691076
2026-07-03T11:28:50.403424,2026-07-03T11:28:52.411021+00:00,119.2,50,ask,EarnestEspressos,FlawlessFlatbreads,5691082
2026-07-03T11:28:51.242501,2026-07-03T11:28:52.411021+00:00,119.7,50,bid,Alan Niu,EarnestEspressos,5691096
2026-07-03T11:28:52.511096,2026-07-03T11:28:52.559231+00:00,119.2,50,ask,EarnestEspressos,FlawlessFlatbreads,5691123
2026-07-03T11:28:53.460517,2026-07-03T11:28:53.468719+00:00,119.7,45,ask,EarnestEspressos,CostlyCorianders,5691136
2026-07-03T11:28:54.576375,2026-07-03T11:28:54.663716+00:00,119.7,41,ask,EarnestEspressos,CostlyCorianders,5691149
2026-07-03T11:28:54.617388,2026-07-03T11:28:54.663716+00:00,119.7,50,ask,EarnestEspressos,FlawlessFlatbreads,5691153
2026-07-03T11:28:55.187992,2026-07-03T11:28:55.279003+00:00,120.1,49,bid,CostlyCorianders,DiligentDonuts,5691161
2026-07-03T11:28:56.465647,2026-07-03T11:28:56.478462+00:00,119.7,100,ask,DiligentDonuts,EarnestEspressos,5691189
2026-07-03T11:28:56.465647,2026-07-03T11:28:56.478462+00:00,119.4,50,ask,Alan Niu,EarnestEspressos,5691190
2026-07-03T11:28:56.726434,2026-07-03T11:28:56.778485+00:00,118.9,50,ask,EarnestEspressos,FlawlessFlatbreads,5691196
2026-07-03T11:28:57.445205,2026-07-03T11:28:57.398471+00:00,119.4,6,ask,Alan Niu,Zihao Wu,5691205
2026-07-03T11:28:57.445205,2026-07-03T11:28:57.398471+00:00,118.9,16,ask,EarnestEspressos,Zihao Wu,5691206
2026-07-03T11:28:57.641967,2026-07-03T11:28:57.668679+00:00,120.2,49,bid,CostlyCorianders,DiligentDonuts,5691212
2026-07-03T11:28:58.834564,2026-07-03T11:28:58.868626+00:00,118.9,50,ask,EarnestEspressos,FlawlessFlatbreads,5691234
2026-07-03T11:28:59.729487,2026-07-03T11:28:59.790351+00:00,119.5,44,bid,CostlyCorianders,EarnestEspressos,5691244
2026-07-03T11:28:59.783236,2026-07-03T11:28:59.790351+00:00,119.3,48,ask,DiligentDonuts,CostlyCorianders,5691246
2026-07-03T11:29:00.383831,2026-07-03T11:29:00.389978+00:00,119.3,44,ask,DiligentDonuts,CostlyCorianders,5691260
2026-07-03T11:29:01.567352,2026-07-03T11:29:01.578471+00:00,119.5,46,bid,CostlyCorianders,EarnestEspressos,5691280
2026-07-03T11:29:03.225657,2026-07-03T11:29:03.198461+00:00,119.7,46,bid,CostlyCorianders,DiligentDonuts,5691311
2026-07-03T11:29:04.279473,2026-07-03T11:29:04.301113+00:00,119.5,49,ask,EarnestEspressos,CostlyCorianders,5691326
2026-07-03T11:29:05.119899,2026-07-03T11:29:05.180733+00:00,119.7,50,bid,FlawlessFlatbreads,DiligentDonuts,5691338
2026-07-03T11:29:05.905692,2026-07-03T11:29:05.959786+00:00,119.4,41,ask,DiligentDonuts,CostlyCorianders,5691352
2026-07-03T11:29:06.376831,2026-07-03T11:29:06.393388+00:00,119.7,44,bid,CostlyCorianders,EarnestEspressos,5691360
2026-07-03T11:29:08.383095,2026-07-03T11:29:08.458590+00:00,119.4,48,ask,DiligentDonuts,CostlyCorianders,5691405
2026-07-03T11:29:09.386288,2026-07-03T11:29:09.386911+00:00,119.3,50,ask,EarnestEspressos,FlawlessFlatbreads,5691416
2026-07-03T11:29:09.988578,2026-07-03T11:29:09.998455+00:00,119.5,4,bid,Aaron Tian,DiligentDonuts,5691431
2026-07-03T11:29:10.672526,2026-07-03T11:29:10.681572+00:00,119.5,3,bid,Xuanyu Liu,DiligentDonuts,5691439
2026-07-03T11:29:10.761311,2026-07-03T11:29:10.770714+00:00,119.5,11,bid,Xuanyu Liu,DiligentDonuts,5691443
2026-07-03T11:29:11.442176,2026-07-03T11:29:11.474228+00:00,119.5,50,bid,FlawlessFlatbreads,DiligentDonuts,5691456
2026-07-03T11:29:15.544301,2026-07-03T11:29:15.563981+00:00,119.9,42,bid,CostlyCorianders,EarnestEspressos,5691534
2026-07-03T11:29:15.661172,2026-07-03T11:29:15.663556+00:00,119.9,50,bid,FlawlessFlatbreads,EarnestEspressos,5691535
2026-07-03T11:29:17.140879,2026-07-03T11:29:17.088464+00:00,119.5,45,ask,DiligentDonuts,CostlyCorianders,5691555
2026-07-03T11:29:17.456147,2026-07-03T11:29:17.463707+00:00,119.9,22,bid,Zihao Wu,EarnestEspressos,5691566
2026-07-03T11:29:17.766618,2026-07-03T11:29:17.773122+00:00,119.9,36,bid,FlawlessFlatbreads,EarnestEspressos,5691569
2026-07-03T11:29:17.766618,2026-07-03T11:29:17.773122+00:00,120.0,14,bid,FlawlessFlatbreads,DiligentDonuts,5691570
2026-07-03T11:29:18.577499,2026-07-03T11:29:18.597292+00:00,120.0,100,bid,EarnestEspressos,DiligentDonuts,5691580
2026-07-03T11:29:18.588575,2026-07-03T11:29:18.597292+00:00,120.0,14,ask,EarnestEspressos,Xuanyu Liu,5691581
2026-07-03T11:29:19.887810,2026-07-03T11:29:19.895731+00:00,120.4,50,bid,FlawlessFlatbreads,Alan Niu,5691614
2026-07-03T11:29:23.023017,2026-07-03T11:29:23.063636+00:00,120.1,40,ask,DiligentDonuts,CostlyCorianders,5691649
2026-07-03T11:29:24.126781,2026-07-03T11:29:24.163690+00:00,120.4,50,bid,FlawlessFlatbreads,EarnestEspressos,5691669
2026-07-03T11:29:26.309114,2026-07-03T11:29:26.374616+00:00,120.0,50,ask,EarnestEspressos,FlawlessFlatbreads,5691720
2026-07-03T11:29:28.415046,2026-07-03T11:29:28.459407+00:00,119.7,50,ask,DiligentDonuts,FlawlessFlatbreads,5691746
2026-07-03T11:29:28.888596,2026-07-03T11:29:28.958678+00:00,120.1,47,bid,CostlyCorianders,EarnestEspressos,5691757
2026-07-03T11:29:29.983443,2026-07-03T11:29:29.989550+00:00,120.1,41,bid,CostlyCorianders,EarnestEspressos,5691772
2026-07-03T11:29:30.534252,2026-07-03T11:29:30.596719+00:00,119.7,50,ask,DiligentDonuts,FlawlessFlatbreads,5691776
2026-07-03T11:29:31.165164,2026-07-03T11:29:31.174187+00:00,119.8,50,bid,EarnestEspressos,DiligentDonuts,5691781
2026-07-03T11:29:31.239708,2026-07-03T11:29:31.258596+00:00,119.8,50,bid,Alan Niu,DiligentDonuts,5691784
2026-07-03T11:29:31.346136,2026-07-03T11:29:31.359125+00:00,119.9,50,ask,EarnestEspressos,Alan Niu,5691787
2026-07-03T11:29:32.644318,2026-07-03T11:29:32.618452+00:00,119.9,50,ask,EarnestEspressos,FlawlessFlatbreads,5691816
2026-07-03T11:29:34.566676,2026-07-03T11:29:34.573089+00:00,119.9,50,bid,Alan Niu,EarnestEspressos,5691850
2026-07-03T11:29:34.634408,2026-07-03T11:29:34.663575+00:00,119.9,48,bid,CostlyCorianders,EarnestEspressos,5691852
2026-07-03T11:29:34.775590,2026-07-03T11:29:34.785578+00:00,119.8,50,ask,DiligentDonuts,FlawlessFlatbreads,5691855
2026-07-03T11:29:36.026752,2026-07-03T11:29:36.017265+00:00,119.9,4,bid,Aaron Tian,EarnestEspressos,5691875
2026-07-03T11:29:36.881218,2026-07-03T11:29:36.891193+00:00,119.8,50,ask,DiligentDonuts,FlawlessFlatbreads,5691890
2026-07-03T11:29:37.034677,2026-07-03T11:29:37.058617+00:00,119.4,49,ask,EarnestEspressos,CostlyCorianders,5691899
2026-07-03T11:29:38.679310,2026-07-03T11:29:38.700833+00:00,119.9,43,bid,CostlyCorianders,DiligentDonuts,5691925
2026-07-03T11:29:38.987436,2026-07-03T11:29:38.997166+00:00,119.6,50,ask,EarnestEspressos,FlawlessFlatbreads,5691929
2026-07-03T11:29:40.834806,2026-07-03T11:29:40.875790+00:00,119.6,41,ask,DiligentDonuts,CostlyCorianders,5691963
2026-07-03T11:29:41.093784,2026-07-03T11:29:41.105738+00:00,119.6,50,ask,DiligentDonuts,FlawlessFlatbreads,5691969
2026-07-03T11:29:41.991516,2026-07-03T11:29:41.992546+00:00,119.6,9,ask,DiligentDonuts,CostlyCorianders,5691977
2026-07-03T11:29:42.514273,2026-07-03T11:29:42.507827+00:00,119.5,47,ask,EarnestEspressos,CostlyCorianders,5691993
2026-07-03T11:29:43.767258,2026-07-03T11:29:43.778577+00:00,119.5,100,ask,EarnestEspressos,DiligentDonuts,5692012
2026-07-03T11:29:43.986283,2026-07-03T11:29:43.996333+00:00,119.0,37,bid,Xuanyu Liu,EarnestEspressos,5692023
2026-07-03T11:29:44.089895,2026-07-03T11:29:44.096526+00:00,119.0,22,bid,Zihao Wu,EarnestEspressos,5692027
2026-07-03T11:29:45.251087,2026-07-03T11:29:45.208491+00:00,119.0,50,bid,FlawlessFlatbreads,EarnestEspressos,5692050
2026-07-03T11:29:45.606423,2026-07-03T11:29:45.664373+00:00,119.0,41,bid,CostlyCorianders,EarnestEspressos,5692054
2026-07-03T11:29:46.245357,2026-07-03T11:29:46.207693+00:00,120.1,48,bid,CostlyCorianders,Alan Niu,5692069
2026-07-03T11:29:46.380851,2026-07-03T11:29:46.389922+00:00,119.5,23,ask,Alan Niu,Xuanyu Liu,5692074
2026-07-03T11:29:47.412145,2026-07-03T11:29:47.459906+00:00,119.5,25,ask,Alan Niu,FlawlessFlatbreads,5692089
2026-07-03T11:29:47.412145,2026-07-03T11:29:47.459906+00:00,119.3,25,ask,DiligentDonuts,FlawlessFlatbreads,5692090
2026-07-03T11:29:48.404738,2026-07-03T11:29:48.405180+00:00,119.3,40,ask,DiligentDonuts,CostlyCorianders,5692107
2026-07-03T11:29:49.518761,2026-07-03T11:29:49.558613+00:00,119.3,35,ask,DiligentDonuts,FlawlessFlatbreads,5692120
2026-07-03T11:29:49.518761,2026-07-03T11:29:49.558613+00:00,119.2,15,ask,EarnestEspressos,FlawlessFlatbreads,5692121
2026-07-03T11:29:51.627941,2026-07-03T11:29:51.668747+00:00,119.3,50,ask,EarnestEspressos,FlawlessFlatbreads,5692159
2026-07-03T11:29:53.717541,2026-07-03T11:29:53.705810+00:00,119.4,45,bid,CostlyCorianders,EarnestEspressos,5692186
2026-07-03T11:29:55.788645,2026-07-03T11:29:55.794774+00:00,119.4,50,bid,FlawlessFlatbreads,EarnestEspressos,5692227
2026-07-03T11:29:56.610482,2026-07-03T11:29:56.663995+00:00,119.3,12,bid,Xuanyu Liu,DiligentDonuts,5692242
2026-07-03T11:29:57.896819,2026-07-03T11:29:57.906771+00:00,119.3,50,bid,FlawlessFlatbreads,DiligentDonuts,5692261
2026-07-03T11:30:00.012636,2026-07-03T11:30:00.074708+00:00,119.5,50,bid,FlawlessFlatbreads,DiligentDonuts,5692311
2026-07-03T11:30:00.172425,2026-07-03T11:30:00.183636+00:00,119.1,46,ask,EarnestEspressos,CostlyCorianders,5692316
2026-07-03T11:30:02.120361,2026-07-03T11:30:02.168782+00:00,119.5,50,bid,FlawlessFlatbreads,DiligentDonuts,5692350
2026-07-03T11:30:02.759885,2026-07-03T11:30:02.772340+00:00,119.5,12,ask,DiligentDonuts,Xuanyu Liu,5692356
2026-07-03T11:30:03.170140,2026-07-03T11:30:03.180664+00:00,119.5,11,ask,DiligentDonuts,Xuanyu Liu,5692361
2026-07-03T11:30:04.111721,2026-07-03T11:30:04.118180+00:00,119.5,22,ask,DiligentDonuts,Zihao Wu,5692387
2026-07-03T11:30:04.228359,2026-07-03T11:30:04.230905+00:00,119.7,50,bid,FlawlessFlatbreads,EarnestEspressos,5692389
2026-07-03T11:30:05.813826,2026-07-03T11:30:05.823538+00:00,119.5,3,ask,DiligentDonuts,Xuanyu Liu,5692419
2026-07-03T11:30:06.949032,2026-07-03T11:30:06.955628+00:00,119.1,45,ask,DiligentDonuts,CostlyCorianders,5692439
2026-07-03T11:30:09.742394,2026-07-03T11:30:09.751056+00:00,119.5,3,bid,Xuanyu Liu,DiligentDonuts,5692481
2026-07-03T11:30:10.594277,2026-07-03T11:30:10.611098+00:00,119.1,50,ask,EarnestEspressos,FlawlessFlatbreads,5692500
2026-07-03T11:30:12.701191,2026-07-03T11:30:12.711515+00:00,119.2,50,ask,DiligentDonuts,FlawlessFlatbreads,5692533
2026-07-03T11:30:14.004882,2026-07-03T11:30:14.011986+00:00,119.6,46,bid,CostlyCorianders,EarnestEspressos,5692544
2026-07-03T11:30:14.807681,2026-07-03T11:30:14.816991+00:00,119.2,50,ask,DiligentDonuts,FlawlessFlatbreads,5692560
2026-07-03T11:30:15.065645,2026-07-03T11:30:15.073593+00:00,119.6,48,bid,CostlyCorianders,EarnestEspressos,5692568
2026-07-03T11:30:15.531501,2026-07-03T11:30:15.538158+00:00,119.4,100,bid,EarnestEspressos,DiligentDonuts,5692580
2026-07-03T11:30:16.350576,2026-07-03T11:30:16.359428+00:00,119.5,3,ask,EarnestEspressos,Xuanyu Liu,5692598
2026-07-03T11:30:16.916842,2026-07-03T11:30:16.933271+00:00,119.5,47,ask,EarnestEspressos,FlawlessFlatbreads,5692608
2026-07-03T11:30:16.916842,2026-07-03T11:30:16.933271+00:00,118.9,3,ask,DiligentDonuts,FlawlessFlatbreads,5692609
2026-07-03T11:30:18.761791,2026-07-03T11:30:18.771993+00:00,119.6,3,bid,Xuanyu Liu,EarnestEspressos,5692639
2026-07-03T11:30:18.930377,2026-07-03T11:30:18.938922+00:00,119.6,11,bid,Xuanyu Liu,EarnestEspressos,5692644
2026-07-03T11:30:18.982501,2026-07-03T11:30:19.036946+00:00,119.4,48,ask,DiligentDonuts,CostlyCorianders,5692646
2026-07-03T11:30:19.040482,2026-07-03T11:30:19.063364+00:00,119.4,50,ask,DiligentDonuts,FlawlessFlatbreads,5692650
2026-07-03T11:30:19.973629,2026-07-03T11:30:19.992622+00:00,119.6,44,bid,CostlyCorianders,EarnestEspressos,5692668
2026-07-03T11:30:21.145304,2026-07-03T11:30:21.150574+00:00,119.4,2,ask,DiligentDonuts,FlawlessFlatbreads,5692689
2026-07-03T11:30:21.145304,2026-07-03T11:30:21.150574+00:00,119.1,48,ask,EarnestEspressos,FlawlessFlatbreads,5692690
2026-07-03T11:30:21.416405,2026-07-03T11:30:21.423493+00:00,119.1,41,ask,EarnestEspressos,CostlyCorianders,5692693
2026-07-03T11:30:23.212568,2026-07-03T11:30:23.220346+00:00,119.5,50,bid,FlawlessFlatbreads,EarnestEspressos,5692732
2026-07-03T11:30:23.775220,2026-07-03T11:30:23.799657+00:00,119.5,46,bid,CostlyCorianders,EarnestEspressos,5692738
2026-07-03T11:30:25.324594,2026-07-03T11:30:25.351816+00:00,119.6,50,bid,FlawlessFlatbreads,DiligentDonuts,5692759
2026-07-03T11:30:25.389610,2026-07-03T11:30:25.420599+00:00,119.6,45,bid,CostlyCorianders,DiligentDonuts,5692760
2026-07-03T11:30:27.431664,2026-07-03T11:30:27.438016+00:00,119.6,5,bid,FlawlessFlatbreads,DiligentDonuts,5692795
2026-07-03T11:30:27.431664,2026-07-03T11:30:27.438016+00:00,119.8,45,bid,FlawlessFlatbreads,EarnestEspressos,5692796
2026-07-03T11:30:29.538149,2026-07-03T11:30:29.554633+00:00,119.7,50,bid,FlawlessFlatbreads,DiligentDonuts,5692838
2026-07-03T11:30:30.239681,2026-07-03T11:30:30.243317+00:00,119.4,43,ask,EarnestEspressos,CostlyCorianders,5692844
2026-07-03T11:30:30.719706,2026-07-03T11:30:30.728033+00:00,119.4,11,ask,EarnestEspressos,Xuanyu Liu,5692856
2026-07-03T11:30:31.645034,2026-07-03T11:30:31.664867+00:00,119.5,50,bid,FlawlessFlatbreads,EarnestEspressos,5692869
2026-07-03T11:30:33.760455,2026-07-03T11:30:33.771785+00:00,119.5,50,bid,FlawlessFlatbreads,EarnestEspressos,5692901
2026-07-03T11:30:34.351624,2026-07-03T11:30:34.358130+00:00,119.1,48,ask,DiligentDonuts,CostlyCorianders,5692907
2026-07-03T11:30:35.404537,2026-07-03T11:30:35.415899+00:00,119.6,40,bid,CostlyCorianders,DiligentDonuts,5692933
2026-07-03T11:30:35.872441,2026-07-03T11:30:35.889119+00:00,119.6,50,bid,FlawlessFlatbreads,DiligentDonuts,5692939
2026-07-03T11:30:37.785010,2026-07-03T11:30:37.790744+00:00,119.2,44,ask,DiligentDonuts,CostlyCorianders,5692959
2026-07-03T11:30:38.033093,2026-07-03T11:30:38.048460+00:00,119.2,50,ask,DiligentDonuts,FlawlessFlatbreads,5692963
2026-07-03T11:30:38.291893,2026-07-03T11:30:38.300483+00:00,119.7,49,bid,CostlyCorianders,DiligentDonuts,5692969
2026-07-03T11:30:39.886878,2026-07-03T11:30:39.895053+00:00,119.2,3,ask,DiligentDonuts,Xuanyu Liu,5692990
2026-07-03T11:30:40.524516,2026-07-03T11:30:40.554655+00:00,119.2,3,ask,DiligentDonuts,CostlyCorianders,5692997
2026-07-03T11:30:40.524516,2026-07-03T11:30:40.554655+00:00,119.2,45,ask,EarnestEspressos,CostlyCorianders,5692998
2026-07-03T11:30:41.104922,2026-07-03T11:30:41.116418+00:00,119.4,40,bid,CostlyCorianders,DiligentDonuts,5693009
2026-07-03T11:30:42.147725,2026-07-03T11:30:42.154529+00:00,118.9,45,ask,DiligentDonuts,CostlyCorianders,5693025
2026-07-03T11:30:42.217084,2026-07-03T11:30:42.229673+00:00,119.4,50,bid,FlawlessFlatbreads,DiligentDonuts,5693028
2026-07-03T11:30:44.119056,2026-07-03T11:30:44.140805+00:00,119.1,47,ask,DiligentDonuts,CostlyCorianders,5693069
2026-07-03T11:30:46.103657,2026-07-03T11:30:46.115018+00:00,119.5,47,bid,CostlyCorianders,EarnestEspressos,5693100
2026-07-03T11:30:46.748429,2026-07-03T11:30:46.765903+00:00,119.5,47,bid,CostlyCorianders,EarnestEspressos,5693112
2026-07-03T11:30:46.830117,2026-07-03T11:30:46.836509+00:00,119.1,44,ask,DiligentDonuts,CostlyCorianders,5693117
2026-07-03T11:30:47.151390,2026-07-03T11:30:47.178052+00:00,119.3,100,bid,EarnestEspressos,DiligentDonuts,5693122
2026-07-03T11:30:47.890608,2026-07-03T11:30:47.901985+00:00,119.3,43,ask,EarnestEspressos,CostlyCorianders,5693141
2026-07-03T11:30:48.531312,2026-07-03T11:30:48.558572+00:00,119.8,50,bid,FlawlessFlatbreads,EarnestEspressos,5693152
2026-07-03T11:30:50.638354,2026-07-03T11:30:50.658554+00:00,119.8,50,bid,FlawlessFlatbreads,EarnestEspressos,5693202
2026-07-03T11:30:52.747135,2026-07-03T11:30:52.758598+00:00,119.8,50,bid,FlawlessFlatbreads,EarnestEspressos,5693225
2026-07-03T11:30:54.446776,2026-07-03T11:30:54.457994+00:00,119.9,41,ask,EarnestEspressos,CostlyCorianders,5693257
2026-07-03T11:30:54.853409,2026-07-03T11:30:54.860347+00:00,120.1,50,bid,FlawlessFlatbreads,DiligentDonuts,5693263
2026-07-03T11:30:56.961669,2026-07-03T11:30:56.993890+00:00,120.2,50,bid,FlawlessFlatbreads,EarnestEspressos,5693301
2026-07-03T11:30:59.069763,2026-07-03T11:30:59.079295+00:00,120.2,50,bid,FlawlessFlatbreads,EarnestEspressos,5693332
2026-07-03T11:30:59.830471,2026-07-03T11:30:59.837762+00:00,120.1,3,ask,EarnestEspressos,Xuanyu Liu,5693341
2026-07-03T11:30:59.888076,2026-07-03T11:30:59.914875+00:00,120.1,147,ask,EarnestEspressos,Alan Niu,5693343
2026-07-03T11:31:01.231872,2026-07-03T11:31:01.263587+00:00,119.8,50,ask,DiligentDonuts,FlawlessFlatbreads,5693366
2026-07-03T11:31:03.223702,2026-07-03T11:31:03.234906+00:00,120.1,3,bid,Xuanyu Liu,EarnestEspressos,5693403
2026-07-03T11:31:03.339340,2026-07-03T11:31:03.341531+00:00,119.9,50,ask,Alan Niu,FlawlessFlatbreads,5693406
2026-07-03T11:31:03.686156,2026-07-03T11:31:03.714940+00:00,120.1,48,bid,CostlyCorianders,EarnestEspressos,5693418
2026-07-03T11:31:04.909219,2026-07-03T11:31:04.922014+00:00,120.1,97,bid,Alan Niu,EarnestEspressos,5693439
2026-07-03T11:31:05.446837,2026-07-03T11:31:05.458610+00:00,119.7,50,ask,DiligentDonuts,FlawlessFlatbreads,5693451
2026-07-03T11:31:06.127569,2026-07-03T11:31:06.136652+00:00,120.3,100,bid,EarnestEspressos,DiligentDonuts,5693462
2026-07-03T11:31:06.154814,2026-07-03T11:31:06.166183+00:00,120.4,50,ask,EarnestEspressos,Alan Niu,5693463
2026-07-03T11:31:09.017438,2026-07-03T11:31:09.054594+00:00,120.9,22,bid,Zihao Wu,EarnestEspressos,5693502
2026-07-03T11:31:09.613187,2026-07-03T11:31:09.624569+00:00,120.5,50,bid,FlawlessFlatbreads,EarnestEspressos,5693509
2026-07-03T11:31:11.125412,2026-07-03T11:31:11.136719+00:00,120.2,45,ask,DiligentDonuts,CostlyCorianders,5693538
2026-07-03T11:31:11.772858,2026-07-03T11:31:11.784092+00:00,120.2,50,ask,DiligentDonuts,FlawlessFlatbreads,5693554
2026-07-03T11:31:12.601306,2026-07-03T11:31:12.623351+00:00,120.3,46,bid,CostlyCorianders,DiligentDonuts,5693569
2026-07-03T11:31:13.784682,2026-07-03T11:31:13.791191+00:00,120.3,42,bid,CostlyCorianders,DiligentDonuts,5693585
2026-07-03T11:31:13.877950,2026-07-03T11:31:13.890636+00:00,120.1,50,ask,EarnestEspressos,FlawlessFlatbreads,5693586
2026-07-03T11:31:15.803022,2026-07-03T11:31:15.814359+00:00,120.0,41,ask,DiligentDonuts,CostlyCorianders,5693615
2026-07-03T11:31:15.985058,2026-07-03T11:31:16.013308+00:00,120.0,50,ask,DiligentDonuts,FlawlessFlatbreads,5693619
2026-07-03T11:31:16.758516,2026-07-03T11:31:16.779094+00:00,120.4,40,bid,CostlyCorianders,EarnestEspressos,5693632
2026-07-03T11:31:18.092496,2026-07-03T11:31:18.100092+00:00,120.0,9,ask,DiligentDonuts,FlawlessFlatbreads,5693648
2026-07-03T11:31:18.092496,2026-07-03T11:31:18.105753+00:00,119.9,41,ask,EarnestEspressos,FlawlessFlatbreads,5693649
2026-07-03T11:31:20.200627,2026-07-03T11:31:20.237918+00:00,119.9,50,ask,Alan Niu,FlawlessFlatbreads,5693683
2026-07-03T11:31:20.424398,2026-07-03T11:31:20.435462+00:00,119.8,43,ask,EarnestEspressos,CostlyCorianders,5693688
2026-07-03T11:31:22.307366,2026-07-03T11:31:22.328845+00:00,119.8,50,ask,EarnestEspressos,FlawlessFlatbreads,5693724
2026-07-03T11:31:24.415383,2026-07-03T11:31:24.422991+00:00,119.8,50,ask,EarnestEspressos,FlawlessFlatbreads,5693758
2026-07-03T11:31:25.168278,2026-07-03T11:31:25.175804+00:00,119.8,3,bid,Xuanyu Liu,EarnestEspressos,5693777
2026-07-03T11:31:25.822925,2026-07-03T11:31:25.831114+00:00,119.8,11,bid,Xuanyu Liu,EarnestEspressos,5693792
2026-07-03T11:31:26.471162,2026-07-03T11:31:26.497743+00:00,119.8,50,bid,FlawlessFlatbreads,EarnestEspressos,5693799
2026-07-03T11:31:32.861390,2026-07-03T11:31:32.871914+00:00,120.0,50,ask,DiligentDonuts,FlawlessFlatbreads,5693899
2026-07-03T11:31:33.704271,2026-07-03T11:31:33.723645+00:00,120.4,42,bid,CostlyCorianders,EarnestEspressos,5693918
2026-07-03T11:31:34.179848,2026-07-03T11:31:34.201423+00:00,120.0,41,ask,DiligentDonuts,CostlyCorianders,5693930
2026-07-03T11:31:37.078856,2026-07-03T11:31:37.091396+00:00,120.0,50,ask,EarnestEspressos,FlawlessFlatbreads,5693969
2026-07-03T11:31:38.168955,2026-07-03T11:31:38.208169+00:00,120.2,49,bid,CostlyCorianders,EarnestEspressos,5693987
2026-07-03T11:31:39.187679,2026-07-03T11:31:39.214646+00:00,120.0,50,ask,DiligentDonuts,FlawlessFlatbreads,5694011
2026-07-03T11:31:39.220986,2026-07-03T11:31:39.232610+00:00,120.0,44,ask,DiligentDonuts,CostlyCorianders,5694013
2026-07-03T11:31:39.785397,2026-07-03T11:31:39.796763+00:00,120.2,45,bid,CostlyCorianders,EarnestEspressos,5694017
2026-07-03T11:31:40.795239,2026-07-03T11:31:40.801281+00:00,120.2,43,bid,CostlyCorianders,EarnestEspressos,5694032
2026-07-03T11:31:40.859749,2026-07-03T11:31:40.867978+00:00,120.0,12,bid,Xuanyu Liu,DiligentDonuts,5694033
2026-07-03T11:31:40.938784,2026-07-03T11:31:40.953381+00:00,120.0,88,bid,EarnestEspressos,DiligentDonuts,5694035
2026-07-03T11:31:40.955108,2026-07-03T11:31:40.965250+00:00,120.4,26,ask,EarnestEspressos,Xuanyu Liu,5694036
2026-07-03T11:31:41.319450,2026-07-03T11:31:41.358612+00:00,120.4,36,ask,EarnestEspressos,FlawlessFlatbreads,5694041
2026-07-03T11:31:41.319450,2026-07-03T11:31:41.358612+00:00,119.5,14,ask,DiligentDonuts,FlawlessFlatbreads,5694042
2026-07-03T11:31:43.426355,2026-07-03T11:31:43.433382+00:00,119.5,50,ask,DiligentDonuts,FlawlessFlatbreads,5694083
2026-07-03T11:31:44.002641,2026-07-03T11:31:44.010814+00:00,119.9,14,bid,Xuanyu Liu,DiligentDonuts,5694086
2026-07-03T11:31:45.196643,2026-07-03T11:31:45.199455+00:00,119.9,42,bid,CostlyCorianders,DiligentDonuts,5694116
2026-07-03T11:31:45.560860,2026-07-03T11:31:45.569532+00:00,119.6,50,ask,EarnestEspressos,FlawlessFlatbreads,5694122
2026-07-03T11:31:46.272223,2026-07-03T11:31:46.300467+00:00,119.6,49,ask,EarnestEspressos,CostlyCorianders,5694141
2026-07-03T11:31:47.320650,2026-07-03T11:31:47.328861+00:00,119.7,12,bid,Xuanyu Liu,EarnestEspressos,5694155
2026-07-03T11:31:47.668638,2026-07-03T11:31:47.679934+00:00,119.6,50,ask,DiligentDonuts,FlawlessFlatbreads,5694164
2026-07-03T11:31:48.961368,2026-07-03T11:31:48.973010+00:00,119.6,46,ask,DiligentDonuts,CostlyCorianders,5694187
2026-07-03T11:31:49.781641,2026-07-03T11:31:49.793146+00:00,119.6,4,ask,DiligentDonuts,FlawlessFlatbreads,5694198
2026-07-03T11:31:49.781641,2026-07-03T11:31:49.793146+00:00,119.2,46,ask,EarnestEspressos,FlawlessFlatbreads,5694199
2026-07-03T11:31:50.503473,2026-07-03T11:31:50.513519+00:00,119.5,23,bid,Xuanyu Liu,EarnestEspressos,5694209
2026-07-03T11:31:51.883353,2026-07-03T11:31:51.892445+00:00,119.5,47,bid,CostlyCorianders,EarnestEspressos,5694237
2026-07-03T11:31:51.891964,2026-07-03T11:31:51.902999+00:00,119.3,50,ask,DiligentDonuts,FlawlessFlatbreads,5694238
2026-07-03T11:31:52.486024,2026-07-03T11:31:52.507638+00:00,119.3,42,ask,DiligentDonuts,CostlyCorianders,5694247
2026-07-03T11:31:53.997670,2026-07-03T11:31:54.004942+00:00,119.3,50,ask,EarnestEspressos,FlawlessFlatbreads,5694274
2026-07-03T11:31:56.105021,2026-07-03T11:31:56.135245+00:00,119.3,50,ask,EarnestEspressos,FlawlessFlatbreads,5694305
2026-07-03T11:31:56.822477,2026-07-03T11:31:56.830833+00:00,119.3,11,bid,Xuanyu Liu,EarnestEspressos,5694311
2026-07-03T11:31:57.337123,2026-07-03T11:31:57.345957+00:00,119.3,11,bid,Xuanyu Liu,EarnestEspressos,5694327
2026-07-03T11:31:57.740049,2026-07-03T11:31:57.748052+00:00,119.3,12,bid,Xuanyu Liu,EarnestEspressos,5694336
2026-07-03T11:31:58.160236,2026-07-03T11:31:58.164120+00:00,119.3,50,bid,FlawlessFlatbreads,EarnestEspressos,5694340
2026-07-03T11:32:00.081084,2026-07-03T11:32:00.101622+00:00,119.4,45,bid,CostlyCorianders,DiligentDonuts,5694372
2026-07-03T11:32:00.266133,2026-07-03T11:32:00.291856+00:00,119.4,50,bid,FlawlessFlatbreads,DiligentDonuts,5694380
2026-07-03T11:32:02.371404,2026-07-03T11:32:02.398589+00:00,119.4,5,bid,FlawlessFlatbreads,DiligentDonuts,5694420
2026-07-03T11:32:02.371404,2026-07-03T11:32:02.398589+00:00,119.7,45,bid,FlawlessFlatbreads,EarnestEspressos,5694421
2026-07-03T11:32:02.564949,2026-07-03T11:32:02.573967+00:00,119.7,48,bid,CostlyCorianders,EarnestEspressos,5694430
2026-07-03T11:32:03.166759,2026-07-03T11:32:03.176982+00:00,119.8,23,ask,EarnestEspressos,Xuanyu Liu,5694445
2026-07-03T11:32:03.170217,2026-07-03T11:32:03.176982+00:00,119.8,49,ask,EarnestEspressos,CostlyCorianders,5694446
2026-07-03T11:32:03.778966,2026-07-03T11:32:03.788048+00:00,119.8,11,ask,EarnestEspressos,Xuanyu Liu,5694454
2026-07-03T11:32:04.480378,2026-07-03T11:32:04.491981+00:00,119.9,50,bid,FlawlessFlatbreads,DiligentDonuts,5694475
2026-07-03T11:32:05.199322,2026-07-03T11:32:05.208066+00:00,119.8,12,ask,EarnestEspressos,Xuanyu Liu,5694489
2026-07-03T11:32:05.796113,2026-07-03T11:32:05.804218+00:00,119.8,46,ask,EarnestEspressos,CostlyCorianders,5694498
2026-07-03T11:32:06.509727,2026-07-03T11:32:06.517544+00:00,119.5,12,bid,Xuanyu Liu,EarnestEspressos,5694532
2026-07-03T11:32:06.639752,2026-07-03T11:32:06.641457+00:00,119.4,50,ask,DiligentDonuts,FlawlessFlatbreads,5694534
2026-07-03T11:32:07.367800,2026-07-03T11:32:07.390308+00:00,119.5,41,bid,CostlyCorianders,EarnestEspressos,5694543
2026-07-03T11:32:07.823311,2026-07-03T11:32:07.834645+00:00,119.5,11,bid,Xuanyu Liu,EarnestEspressos,5694553
2026-07-03T11:32:08.606614,2026-07-03T11:32:08.615808+00:00,119.5,11,bid,Xuanyu Liu,EarnestEspressos,5694565
2026-07-03T11:32:08.694397,2026-07-03T11:32:08.729171+00:00,119.5,50,bid,FlawlessFlatbreads,EarnestEspressos,5694569
2026-07-03T11:32:08.963930,2026-07-03T11:32:08.985464+00:00,119.5,25,bid,CostlyCorianders,EarnestEspressos,5694574
2026-07-03T11:32:08.963930,2026-07-03T11:32:08.985464+00:00,119.9,18,bid,CostlyCorianders,DiligentDonuts,5694575
2026-07-03T11:32:09.441725,2026-07-03T11:32:09.450854+00:00,119.8,22,ask,EarnestEspressos,Xuanyu Liu,5694586
2026-07-03T11:32:10.431776,2026-07-03T11:32:10.441064+00:00,119.8,12,ask,EarnestEspressos,Xuanyu Liu,5694604
2026-07-03T11:32:10.800875,2026-07-03T11:32:10.843560+00:00,120.0,50,bid,FlawlessFlatbreads,DiligentDonuts,5694610
2026-07-03T11:32:12.908318,2026-07-03T11:32:12.916731+00:00,120.0,50,bid,FlawlessFlatbreads,DiligentDonuts,5694666
2026-07-03T11:32:15.020190,2026-07-03T11:32:15.031498+00:00,120.0,50,bid,FlawlessFlatbreads,DiligentDonuts,5694709
2026-07-03T11:32:17.127110,2026-07-03T11:32:17.154528+00:00,119.8,50,bid,FlawlessFlatbreads,EarnestEspressos,5694745
2026-07-03T11:32:19.165040,2026-07-03T11:32:19.202194+00:00,119.4,48,ask,DiligentDonuts,CostlyCorianders,5694775
2026-07-03T11:32:19.232084,2026-07-03T11:32:19.250051+00:00,119.9,50,bid,FlawlessFlatbreads,DiligentDonuts,5694777
2026-07-03T11:32:19.650544,2026-07-03T11:32:19.659670+00:00,119.4,23,ask,DiligentDonuts,Xuanyu Liu,5694787
2026-07-03T11:32:19.778634,2026-07-03T11:32:19.790187+00:00,119.4,29,ask,DiligentDonuts,CostlyCorianders,5694789
2026-07-03T11:32:19.778634,2026-07-03T11:32:19.790187+00:00,119.4,11,ask,EarnestEspressos,CostlyCorianders,5694790
2026-07-03T11:32:21.396547,2026-07-03T11:32:21.401488+00:00,119.9,40,bid,CostlyCorianders,DiligentDonuts,5694830
2026-07-03T11:32:21.397080,2026-07-03T11:32:21.418452+00:00,119.4,50,ask,EarnestEspressos,FlawlessFlatbreads,5694831
2026-07-03T11:32:23.459693,2026-07-03T11:32:23.479812+00:00,119.4,50,bid,FlawlessFlatbreads,EarnestEspressos,5694869
2026-07-03T11:32:25.565729,2026-07-03T11:32:25.574131+00:00,119.5,50,bid,FlawlessFlatbreads,DiligentDonuts,5694906
2026-07-03T11:32:25.923788,2026-07-03T11:32:25.943964+00:00,119.5,44,bid,CostlyCorianders,DiligentDonuts,5694914
2026-07-03T11:32:27.673084,2026-07-03T11:32:27.682300+00:00,119.5,6,bid,FlawlessFlatbreads,DiligentDonuts,5694933
2026-07-03T11:32:27.673084,2026-07-03T11:32:27.682300+00:00,119.5,44,bid,FlawlessFlatbreads,EarnestEspressos,5694934
2026-07-03T11:32:29.831357,2026-07-03T11:32:29.842893+00:00,119.3,50,ask,DiligentDonuts,FlawlessFlatbreads,5694976
2026-07-03T11:32:31.938833,2026-07-03T11:32:31.946203+00:00,119.5,50,ask,EarnestEspressos,FlawlessFlatbreads,5695001
2026-07-03T11:32:32.759625,2026-07-03T11:32:32.767404+00:00,119.5,11,ask,EarnestEspressos,Xuanyu Liu,5695013
2026-07-03T11:32:34.008341,2026-07-03T11:32:34.027410+00:00,119.7,50,bid,FlawlessFlatbreads,DiligentDonuts,5695031
2026-07-03T11:32:34.081712,2026-07-03T11:32:34.090146+00:00,119.5,3,ask,EarnestEspressos,Xuanyu Liu,5695036
2026-07-03T11:32:36.165991,2026-07-03T11:32:36.177285+00:00,119.4,50,ask,EarnestEspressos,FlawlessFlatbreads,5695075
2026-07-03T11:32:37.947556,2026-07-03T11:32:37.956186+00:00,119.4,100,ask,DiligentDonuts,EarnestEspressos,5695100
2026-07-03T11:32:37.959847,2026-07-03T11:32:37.970763+00:00,119.4,3,bid,Xuanyu Liu,EarnestEspressos,5695101
2026-07-03T11:32:37.988181,2026-07-03T11:32:37.997833+00:00,119.4,11,bid,Xuanyu Liu,EarnestEspressos,5695103
2026-07-03T11:32:38.854692,2026-07-03T11:32:38.869937+00:00,119.4,12,bid,Xuanyu Liu,EarnestEspressos,5695118
2026-07-03T11:32:40.334236,2026-07-03T11:32:40.351676+00:00,119.4,24,bid,FlawlessFlatbreads,EarnestEspressos,5695140
2026-07-03T11:32:40.334236,2026-07-03T11:32:40.351676+00:00,119.9,26,bid,FlawlessFlatbreads,DiligentDonuts,5695141
2026-07-03T11:32:40.741401,2026-07-03T11:32:40.758826+00:00,119.9,42,bid,CostlyCorianders,DiligentDonuts,5695144
2026-07-03T11:32:41.064307,2026-07-03T11:32:41.072838+00:00,119.8,23,ask,EarnestEspressos,Xuanyu Liu,5695151
2026-07-03T11:32:41.810953,2026-07-03T11:32:41.822159+00:00,119.8,44,ask,EarnestEspressos,CostlyCorianders,5695163
2026-07-03T11:32:42.468299,2026-07-03T11:32:42.499511+00:00,120.1,50,bid,FlawlessFlatbreads,DiligentDonuts,5695174
2026-07-03T11:32:43.689028,2026-07-03T11:32:43.697094+00:00,119.8,41,ask,EarnestEspressos,CostlyCorianders,5695203
2026-07-03T11:32:44.575543,2026-07-03T11:32:44.581581+00:00,119.9,50,bid,FlawlessFlatbreads,EarnestEspressos,5695227
2026-07-03T11:32:45.808562,2026-07-03T11:32:45.822976+00:00,119.9,41,bid,CostlyCorianders,EarnestEspressos,5695246
2026-07-03T11:32:45.862851,2026-07-03T11:32:45.874558+00:00,119.8,41,ask,DiligentDonuts,CostlyCorianders,5695252
2026-07-03T11:32:45.865634,2026-07-03T11:32:45.874558+00:00,119.9,11,bid,Xuanyu Liu,EarnestEspressos,5695253
2026-07-03T11:32:46.406691,2026-07-03T11:32:46.427507+00:00,119.9,42,bid,CostlyCorianders,EarnestEspressos,5695269
2026-07-03T11:32:46.682897,2026-07-03T11:32:46.722343+00:00,119.9,6,bid,FlawlessFlatbreads,EarnestEspressos,5695270
2026-07-03T11:32:46.682897,2026-07-03T11:32:46.722343+00:00,120.3,44,bid,FlawlessFlatbreads,DiligentDonuts,5695271
2026-07-03T11:32:47.400357,2026-07-03T11:32:47.409828+00:00,120.2,14,ask,EarnestEspressos,Xuanyu Liu,5695287
2026-07-03T11:32:47.989237,2026-07-03T11:32:48.022051+00:00,120.2,43,ask,EarnestEspressos,CostlyCorianders,5695302
2026-07-03T11:32:48.843769,2026-07-03T11:32:48.850046+00:00,120.2,50,ask,EarnestEspressos,FlawlessFlatbreads,5695315
2026-07-03T11:32:53.088092,2026-07-03T11:32:53.125246+00:00,119.8,50,ask,DiligentDonuts,FlawlessFlatbreads,5695387
2026-07-03T11:32:53.432043,2026-07-03T11:32:53.458500+00:00,120.1,49,bid,CostlyCorianders,EarnestEspressos,5695394
2026-07-03T11:32:55.014469,2026-07-03T11:32:55.058537+00:00,119.6,45,ask,EarnestEspressos,CostlyCorianders,5695414
2026-07-03T11:32:55.144978,2026-07-03T11:32:55.157030+00:00,120.0,50,bid,FlawlessFlatbreads,DiligentDonuts,5695420
2026-07-03T11:32:56.016097,2026-07-03T11:32:56.022190+00:00,120.0,44,bid,CostlyCorianders,DiligentDonuts,5695437
2026-07-03T11:32:57.082890,2026-07-03T11:32:57.088947+00:00,119.9,48,ask,DiligentDonuts,CostlyCorianders,5695464
2026-07-03T11:32:59.430174,2026-07-03T11:32:59.452889+00:00,119.9,50,ask,DiligentDonuts,FlawlessFlatbreads,5695498
2026-07-03T11:33:03.642159,2026-07-03T11:33:03.740943+00:00,119.6,50,ask,DiligentDonuts,FlawlessFlatbreads,5695567
2026-07-03T11:33:05.749278,2026-07-03T11:33:05.754026+00:00,119.6,50,ask,DiligentDonuts,FlawlessFlatbreads,5695593
2026-07-03T11:33:06.881821,2026-07-03T11:33:06.890224+00:00,119.8,3,bid,Xuanyu Liu,DiligentDonuts,5695618
2026-07-03T11:33:07.856826,2026-07-03T11:33:07.848492+00:00,119.5,50,ask,EarnestEspressos,FlawlessFlatbreads,5695640
2026-07-03T11:33:07.983884,2026-07-03T11:33:07.993345+00:00,119.8,2,bid,Xuanyu Liu,DiligentDonuts,5695647
2026-07-03T11:33:08.582902,2026-07-03T11:33:08.609705+00:00,119.5,43,ask,EarnestEspressos,CostlyCorianders,5695658
2026-07-03T11:33:09.414346,2026-07-03T11:33:09.435745+00:00,119.5,57,ask,EarnestEspressos,DiligentDonuts,5695676
2026-07-03T11:33:09.625838,2026-07-03T11:33:09.635493+00:00,119.2,32,bid,Xuanyu Liu,EarnestEspressos,5695680
2026-07-03T11:33:12.017280,2026-07-03T11:33:12.042684+00:00,119.2,50,bid,FlawlessFlatbreads,EarnestEspressos,5695719
2026-07-03T11:33:12.171241,2026-07-03T11:33:12.201985+00:00,119.2,47,bid,CostlyCorianders,EarnestEspressos,5695726
2026-07-03T11:33:12.193156,2026-07-03T11:33:12.201985+00:00,119.2,12,bid,Xuanyu Liu,EarnestEspressos,5695727
2026-07-03T11:33:12.524079,2026-07-03T11:33:12.535312+00:00,119.2,9,bid,DiligentDonuts,EarnestEspressos,5695736
2026-07-03T11:33:13.228650,2026-07-03T11:33:13.240262+00:00,119.9,45,bid,CostlyCorianders,DiligentDonuts,5695740
2026-07-03T11:33:13.478339,2026-07-03T11:33:13.487059+00:00,119.5,35,ask,EarnestEspressos,Xuanyu Liu,5695750
2026-07-03T11:33:14.123717,2026-07-03T11:33:14.129964+00:00,119.9,50,bid,FlawlessFlatbreads,DiligentDonuts,5695765
2026-07-03T11:33:15.245112,2026-07-03T11:33:15.252481+00:00,119.5,11,ask,EarnestEspressos,Xuanyu Liu,5695784
2026-07-03T11:33:16.032025,2026-07-03T11:33:16.058588+00:00,119.5,45,bid,CostlyCorianders,EarnestEspressos,5695799
2026-07-03T11:33:16.230970,2026-07-03T11:33:16.245232+00:00,119.5,50,bid,FlawlessFlatbreads,EarnestEspressos,5695804
2026-07-03T11:33:16.512302,2026-07-03T11:33:16.521716+00:00,119.4,42,ask,DiligentDonuts,CostlyCorianders,5695810
2026-07-03T11:33:18.203714,2026-07-03T11:33:18.213474+00:00,119.5,11,bid,Xuanyu Liu,EarnestEspressos,5695837
2026-07-03T11:33:18.338298,2026-07-03T11:33:18.345944+00:00,119.5,44,bid,FlawlessFlatbreads,EarnestEspressos,5695842
2026-07-03T11:33:18.338298,2026-07-03T11:33:18.350903+00:00,119.9,6,bid,FlawlessFlatbreads,DiligentDonuts,5695843
2026-07-03T11:33:19.042595,2026-07-03T11:33:19.051023+00:00,119.8,14,ask,EarnestEspressos,Xuanyu Liu,5695861
2026-07-03T11:33:19.101145,2026-07-03T11:33:19.112311+00:00,119.8,46,ask,EarnestEspressos,CostlyCorianders,5695865
2026-07-03T11:33:20.446747,2026-07-03T11:33:20.458708+00:00,120.0,50,bid,FlawlessFlatbreads,DiligentDonuts,5695887
2026-07-03T11:33:21.502249,2026-07-03T11:33:21.517647+00:00,120.0,40,bid,CostlyCorianders,DiligentDonuts,5695910
2026-07-03T11:33:22.556443,2026-07-03T11:33:22.564136+00:00,120.2,50,bid,FlawlessFlatbreads,EarnestEspressos,5695926
2026-07-03T11:33:22.572350,2026-07-03T11:33:22.579775+00:00,119.9,42,ask,DiligentDonuts,CostlyCorianders,5695927
2026-07-03T11:33:24.662880,2026-07-03T11:33:24.669716+00:00,120.2,50,bid,FlawlessFlatbreads,EarnestEspressos,5695954
2026-07-03T11:33:25.783579,2026-07-03T11:33:25.814363+00:00,120.1,44,bid,CostlyCorianders,DiligentDonuts,5695971
2026-07-03T11:33:25.838463,2026-07-03T11:33:25.846077+00:00,120.0,47,ask,EarnestEspressos,CostlyCorianders,5695972
2026-07-03T11:33:26.475664,2026-07-03T11:33:26.483501+00:00,120.0,46,ask,EarnestEspressos,CostlyCorianders,5695980
2026-07-03T11:33:26.773891,2026-07-03T11:33:26.780779+00:00,120.1,50,bid,FlawlessFlatbreads,DiligentDonuts,5695994
2026-07-03T11:33:27.451618,2026-07-03T11:33:27.457977+00:00,120.0,42,ask,EarnestEspressos,CostlyCorianders,5696003
2026-07-03T11:33:27.943828,2026-07-03T11:33:27.952807+00:00,120.0,3,ask,EarnestEspressos,Xuanyu Liu,5696019
2026-07-03T11:33:27.983389,2026-07-03T11:33:27.989938+00:00,120.0,12,ask,EarnestEspressos,Alan Niu,5696022
2026-07-03T11:33:28.566773,2026-07-03T11:33:28.585146+00:00,119.7,100,ask,DiligentDonuts,EarnestEspressos,5696028
2026-07-03T11:33:28.883381,2026-07-03T11:33:28.891712+00:00,119.7,50,bid,FlawlessFlatbreads,EarnestEspressos,5696031
2026-07-03T11:33:30.988509,2026-07-03T11:33:30.995210+00:00,120.2,50,bid,FlawlessFlatbreads,DiligentDonuts,5696068
2026-07-03T11:33:31.894452,2026-07-03T11:33:31.900844+00:00,119.9,46,bid,CostlyCorianders,DiligentDonuts,5696094
2026-07-03T11:33:32.541272,2026-07-03T11:33:32.558572+00:00,119.9,44,bid,CostlyCorianders,DiligentDonuts,5696116
2026-07-03T11:33:33.096567,2026-07-03T11:33:33.099512+00:00,119.9,10,bid,FlawlessFlatbreads,DiligentDonuts,5696122
2026-07-03T11:33:33.096567,2026-07-03T11:33:33.099512+00:00,120.0,40,bid,FlawlessFlatbreads,EarnestEspressos,5696123
2026-07-03T11:33:34.777700,2026-07-03T11:33:34.793756+00:00,119.9,100,ask,DiligentDonuts,Alan Niu,5696163
2026-07-03T11:33:34.960758,2026-07-03T11:33:34.992250+00:00,119.9,88,ask,EarnestEspressos,Alan Niu,5696170
2026-07-03T11:33:35.210155,2026-07-03T11:33:35.226635+00:00,120.4,50,bid,FlawlessFlatbreads,DiligentDonuts,5696175
2026-07-03T11:33:37.316221,2026-07-03T11:33:37.340764+00:00,120.4,50,bid,FlawlessFlatbreads,DiligentDonuts,5696205
2026-07-03T11:33:38.414547,2026-07-03T11:33:38.422248+00:00,119.9,23,ask,DiligentDonuts,Xuanyu Liu,5696229
2026-07-03T11:33:39.424146,2026-07-03T11:33:39.431456+00:00,120.1,50,bid,FlawlessFlatbreads,EarnestEspressos,5696243
2026-07-03T11:33:40.138516,2026-07-03T11:33:40.149702+00:00,120.1,46,bid,CostlyCorianders,EarnestEspressos,5696262
