timestamp,recv_time,price,volume,aggressor_side,buyer,seller,trade_id
2026-07-08T15:00:01.321734,2026-07-08T15:00:01.331108+00:00,147.2,16,bid,,,12349731
2026-07-08T15:00:01.321734,2026-07-08T15:00:01.331108+00:00,147.2,8,bid,,,12349732
2026-07-08T15:00:01.321734,2026-07-08T15:00:01.351306+00:00,147.3,26,bid,,,12349733
2026-07-08T15:00:02.488837,2026-07-08T15:00:02.497965+00:00,147.0,40,ask,,,12349749
2026-07-08T15:00:04.277550,2026-07-08T15:00:04.337405+00:00,147.0,3,ask,,,12349774
2026-07-08T15:00:05.536816,2026-07-08T15:00:05.548687+00:00,147.2,8,bid,,,12349800
2026-07-08T15:00:05.536816,2026-07-08T15:00:05.548687+00:00,147.3,42,bid,,,12349801
2026-07-08T15:00:05.569585,2026-07-08T15:00:05.580137+00:00,146.9,8,ask,,,12349804
2026-07-08T15:00:05.569585,2026-07-08T15:00:05.585377+00:00,146.8,38,ask,,,12349805
2026-07-08T15:00:07.643971,2026-07-08T15:00:07.655424+00:00,147.3,50,bid,,,12349842
2026-07-08T15:00:08.025961,2026-07-08T15:00:08.036567+00:00,147.3,8,bid,,,12349853
2026-07-08T15:00:08.025961,2026-07-08T15:00:08.036567+00:00,147.3,32,bid,,,12349854
2026-07-08T15:00:08.214268,2026-07-08T15:00:08.226044+00:00,147.3,100,bid,,,12349864
2026-07-08T15:00:08.325577,2026-07-08T15:00:08.337095+00:00,147.3,8,bid,,,12349866
2026-07-08T15:00:08.338359,2026-07-08T15:00:08.348459+00:00,147.6,35,ask,,,12349867
2026-07-08T15:00:09.515589,2026-07-08T15:00:09.525314+00:00,147.6,11,ask,,,12349884
2026-07-08T15:00:09.754317,2026-07-08T15:00:09.763790+00:00,147.8,50,bid,,,12349888
2026-07-08T15:00:10.830287,2026-07-08T15:00:10.839113+00:00,147.6,3,ask,,,12349902
2026-07-08T15:00:11.430586,2026-07-08T15:00:11.437852+00:00,147.6,93,ask,,,12349919
2026-07-08T15:00:11.430586,2026-07-08T15:00:11.443242+00:00,147.6,7,ask,,,12349920
2026-07-08T15:00:11.559137,2026-07-08T15:00:11.568651+00:00,147.6,1,ask,,,12349922
2026-07-08T15:00:11.582904,2026-07-08T15:00:11.591661+00:00,147.3,14,bid,,,12349923
2026-07-08T15:00:11.865809,2026-07-08T15:00:11.877442+00:00,147.3,50,bid,,,12349929
2026-07-08T15:00:12.161756,2026-07-08T15:00:12.167774+00:00,147.3,23,bid,,,12349940
2026-07-08T15:00:12.226864,2026-07-08T15:00:12.235520+00:00,147.3,49,bid,,,12349944
2026-07-08T15:00:14.057699,2026-07-08T15:00:14.069161+00:00,147.0,50,ask,,,12349967
2026-07-08T15:00:14.695606,2026-07-08T15:00:14.705584+00:00,147.4,23,ask,,,12349980
2026-07-08T15:00:15.211354,2026-07-08T15:00:15.219423+00:00,147.4,11,ask,,,12349997
2026-07-08T15:00:16.023093,2026-07-08T15:00:16.034952+00:00,147.4,45,ask,,,12350011
2026-07-08T15:00:16.070233,2026-07-08T15:00:16.079026+00:00,147.4,3,ask,,,12350015
2026-07-08T15:00:16.166589,2026-07-08T15:00:16.176006+00:00,147.4,50,ask,,,12350019
2026-07-08T15:00:17.919726,2026-07-08T15:00:17.928647+00:00,147.2,3,bid,,,12350051
2026-07-08T15:00:18.289610,2026-07-08T15:00:18.302494+00:00,147.0,50,ask,,,12350061
2026-07-08T15:00:20.396574,2026-07-08T15:00:20.406855+00:00,147.0,50,ask,,,12350088
2026-07-08T15:00:22.466189,2026-07-08T15:00:22.484864+00:00,147.1,50,bid,,,12350115
2026-07-08T15:00:23.179888,2026-07-08T15:00:23.191535+00:00,146.6,43,ask,,,12350132
2026-07-08T15:00:24.637684,2026-07-08T15:00:24.645072+00:00,146.5,50,ask,,,12350156
2026-07-08T15:00:26.709600,2026-07-08T15:00:26.726347+00:00,147.0,50,bid,,,12350178
2026-07-08T15:00:27.914643,2026-07-08T15:00:27.927415+00:00,146.9,11,bid,,,12350195
2026-07-08T15:00:28.866009,2026-07-08T15:00:28.875144+00:00,146.5,50,ask,,,12350206
2026-07-08T15:00:29.721701,2026-07-08T15:00:29.729857+00:00,146.9,47,bid,,,12350230
2026-07-08T15:00:30.930258,2026-07-08T15:00:30.941079+00:00,146.9,50,bid,,,12350246
2026-07-08T15:00:34.147898,2026-07-08T15:00:34.158586+00:00,146.7,47,ask,,,12350294
2026-07-08T15:00:35.168164,2026-07-08T15:00:35.175066+00:00,147.0,50,bid,,,12350317
2026-07-08T15:00:35.306914,2026-07-08T15:00:35.314749+00:00,147.0,45,bid,,,12350320
2026-07-08T15:00:37.275232,2026-07-08T15:00:37.287097+00:00,147.2,50,bid,,,12350362
2026-07-08T15:00:39.412715,2026-07-08T15:00:39.423723+00:00,147.2,50,bid,,,12350385
2026-07-08T15:00:41.295891,2026-07-08T15:00:41.305166+00:00,147.1,47,ask,,,12350435
2026-07-08T15:00:41.831073,2026-07-08T15:00:41.838404+00:00,147.1,44,ask,,,12350441
2026-07-08T15:00:43.679960,2026-07-08T15:00:43.691920+00:00,147.0,50,ask,,,12350469
2026-07-08T15:00:45.775874,2026-07-08T15:00:45.787564+00:00,147.0,45,ask,,,12350502
2026-07-08T15:00:46.276185,2026-07-08T15:00:46.284554+00:00,146.9,12,bid,,,12350509
2026-07-08T15:00:46.779413,2026-07-08T15:00:46.791193+00:00,146.9,46,bid,,,12350515
2026-07-08T15:00:47.893406,2026-07-08T15:00:47.900765+00:00,146.7,50,ask,,,12350543
2026-07-08T15:00:49.998250,2026-07-08T15:00:50.009853+00:00,146.7,50,ask,,,12350577
2026-07-08T15:00:50.990716,2026-07-08T15:00:51.002210+00:00,146.9,40,bid,,,12350587
2026-07-08T15:00:52.054387,2026-07-08T15:00:52.058633+00:00,146.9,50,bid,,,12350596
2026-07-08T15:00:53.610668,2026-07-08T15:00:53.627375+00:00,146.8,46,ask,,,12350625
2026-07-08T15:00:55.281981,2026-07-08T15:00:55.292759+00:00,147.1,47,bid,,,12350653
2026-07-08T15:00:56.289816,2026-07-08T15:00:56.301398+00:00,147.2,50,bid,,,12350663
2026-07-08T15:00:58.402348,2026-07-08T15:00:58.414047+00:00,147.2,50,bid,,,12350704
2026-07-08T15:00:58.743536,2026-07-08T15:00:58.752164+00:00,146.8,45,ask,,,12350712
2026-07-08T15:00:59.000581,2026-07-08T15:00:59.012389+00:00,147.1,100,bid,,,12350715
2026-07-08T15:00:59.340891,2026-07-08T15:00:59.351117+00:00,147.1,23,ask,,,12350720
2026-07-08T15:01:00.563648,2026-07-08T15:01:00.575310+00:00,147.1,27,ask,,,12350737
2026-07-08T15:01:00.563648,2026-07-08T15:01:00.575310+00:00,147.1,8,ask,,,12350738
2026-07-08T15:01:00.563648,2026-07-08T15:01:00.575310+00:00,146.6,15,ask,,,12350739
2026-07-08T15:01:02.228575,2026-07-08T15:01:02.239385+00:00,146.8,11,bid,,,12350769
2026-07-08T15:01:02.623606,2026-07-08T15:01:02.635484+00:00,146.8,50,bid,,,12350775
2026-07-08T15:01:02.734435,2026-07-08T15:01:02.746246+00:00,146.8,44,bid,,,12350777
2026-07-08T15:01:03.267075,2026-07-08T15:01:03.275213+00:00,146.8,45,bid,,,12350782
2026-07-08T15:01:03.267075,2026-07-08T15:01:03.275213+00:00,147.0,2,bid,,,12350783
2026-07-08T15:01:04.334599,2026-07-08T15:01:04.341946+00:00,146.7,43,ask,,,12350804
2026-07-08T15:01:04.731735,2026-07-08T15:01:04.740199+00:00,147.2,50,bid,,,12350812
2026-07-08T15:01:05.555845,2026-07-08T15:01:05.557503+00:00,147.4,41,bid,,,12350824
2026-07-08T15:01:06.837780,2026-07-08T15:01:06.846564+00:00,147.4,50,bid,,,12350845
2026-07-08T15:01:08.944122,2026-07-08T15:01:08.958586+00:00,147.7,50,bid,,,12350889
2026-07-08T15:01:11.060242,2026-07-08T15:01:11.069916+00:00,147.7,50,bid,,,12350933
2026-07-08T15:01:11.655059,2026-07-08T15:01:11.666612+00:00,147.7,8,bid,,,12350946
2026-07-08T15:01:11.667984,2026-07-08T15:01:11.678390+00:00,147.8,14,ask,,,12350947
2026-07-08T15:01:13.167529,2026-07-08T15:01:13.179242+00:00,148.0,50,bid,,,12350969
2026-07-08T15:01:15.329667,2026-07-08T15:01:15.337062+00:00,147.6,50,ask,,,12351016
2026-07-08T15:01:17.437236,2026-07-08T15:01:17.449067+00:00,147.6,50,ask,,,12351040
2026-07-08T15:01:19.546351,2026-07-08T15:01:19.555315+00:00,147.7,50,ask,,,12351069
2026-07-08T15:01:21.602909,2026-07-08T15:01:21.612341+00:00,147.9,50,bid,,,12351089
2026-07-08T15:01:23.383628,2026-07-08T15:01:23.394873+00:00,147.6,41,ask,,,12351114
2026-07-08T15:01:23.759392,2026-07-08T15:01:23.770987+00:00,147.6,50,ask,,,12351121
2026-07-08T15:01:24.317462,2026-07-08T15:01:24.328655+00:00,148.1,48,bid,,,12351130
2026-07-08T15:01:24.378082,2026-07-08T15:01:24.386877+00:00,147.9,3,bid,,,12351132
2026-07-08T15:01:25.815500,2026-07-08T15:01:25.826974+00:00,147.9,50,bid,,,12351160
2026-07-08T15:01:27.333798,2026-07-08T15:01:27.345715+00:00,147.9,97,bid,,,12351189
2026-07-08T15:01:27.475911,2026-07-08T15:01:27.498086+00:00,148.1,8,bid,,,12351191
2026-07-08T15:01:27.488599,2026-07-08T15:01:27.498086+00:00,148.1,3,ask,,,12351192
2026-07-08T15:01:27.922233,2026-07-08T15:01:27.929769+00:00,148.5,50,bid,,,12351197
2026-07-08T15:01:30.028693,2026-07-08T15:01:30.045827+00:00,148.5,50,bid,,,12351226
2026-07-08T15:01:34.302762,2026-07-08T15:01:34.310484+00:00,148.3,50,ask,,,12351297
2026-07-08T15:01:35.142865,2026-07-08T15:01:35.151486+00:00,148.3,43,ask,,,12351310
2026-07-08T15:01:35.622065,2026-07-08T15:01:35.633851+00:00,148.3,7,ask,,,12351316
2026-07-08T15:01:35.622065,2026-07-08T15:01:35.633851+00:00,148.3,41,ask,,,12351317
2026-07-08T15:01:36.413746,2026-07-08T15:01:36.425388+00:00,148.3,50,ask,,,12351327
2026-07-08T15:01:38.525570,2026-07-08T15:01:38.536542+00:00,147.9,50,ask,,,12351366
2026-07-08T15:01:40.632443,2026-07-08T15:01:40.640082+00:00,148.0,50,ask,,,12351411
2026-07-08T15:01:40.968828,2026-07-08T15:01:40.979212+00:00,148.4,45,bid,,,12351417
2026-07-08T15:01:42.739086,2026-07-08T15:01:42.750680+00:00,148.0,50,ask,,,12351445
2026-07-08T15:01:42.945950,2026-07-08T15:01:42.958564+00:00,148.4,47,bid,,,12351449
2026-07-08T15:01:43.000623,2026-07-08T15:01:43.011080+00:00,148.0,43,ask,,,12351450
2026-07-08T15:01:43.352265,2026-07-08T15:01:43.355667+00:00,148.2,100,ask,,,12351453
2026-07-08T15:01:43.352265,2026-07-08T15:01:43.355667+00:00,148.1,8,ask,,,12351454
2026-07-08T15:01:43.359604,2026-07-08T15:01:43.367405+00:00,147.9,26,bid,,,12351455
2026-07-08T15:01:43.552222,2026-07-08T15:01:43.564057+00:00,147.9,16,bid,,,12351457
2026-07-08T15:01:44.843795,2026-07-08T15:01:44.851307+00:00,147.7,8,ask,,,12351473
2026-07-08T15:01:45.714727,2026-07-08T15:01:45.726101+00:00,148.4,8,bid,,,12351482
2026-07-08T15:01:45.769835,2026-07-08T15:01:45.779507+00:00,147.7,8,ask,,,12351483
2026-07-08T15:01:46.230534,2026-07-08T15:01:46.242299+00:00,148.4,8,bid,,,12351494
2026-07-08T15:01:49.001952,2026-07-08T15:01:49.013547+00:00,148.6,50,bid,,,12351531
2026-07-08T15:01:51.108984,2026-07-08T15:01:51.120010+00:00,148.8,50,bid,,,12351571
2026-07-08T15:01:52.453829,2026-07-08T15:01:52.465645+00:00,148.3,45,ask,,,12351588
2026-07-08T15:01:53.223541,2026-07-08T15:01:53.230098+00:00,148.8,50,bid,,,12351605
2026-07-08T15:01:55.107765,2026-07-08T15:01:55.120744+00:00,148.3,46,ask,,,12351633
2026-07-08T15:01:55.358344,2026-07-08T15:01:55.369910+00:00,148.8,50,bid,,,12351637
2026-07-08T15:01:55.991113,2026-07-08T15:01:56.002818+00:00,148.8,8,bid,,,12351654
2026-07-08T15:01:55.991113,2026-07-08T15:01:56.002818+00:00,148.9,40,bid,,,12351655
2026-07-08T15:01:56.938901,2026-07-08T15:01:56.949130+00:00,148.8,40,bid,,,12351667
2026-07-08T15:01:57.048992,2026-07-08T15:01:57.060211+00:00,148.4,12,ask,,,12351673
2026-07-08T15:01:57.465152,2026-07-08T15:01:57.475554+00:00,148.8,50,bid,,,12351679
2026-07-08T15:01:58.066654,2026-07-08T15:01:58.074657+00:00,148.4,41,ask,,,12351688
2026-07-08T15:01:59.165049,2026-07-08T15:01:59.175346+00:00,148.7,14,ask,,,12351701
2026-07-08T15:01:59.599504,2026-07-08T15:01:59.608318+00:00,148.9,50,bid,,,12351707
2026-07-08T15:02:01.160264,2026-07-08T15:02:01.169022+00:00,148.9,46,bid,,,12351728
2026-07-08T15:02:01.215149,2026-07-08T15:02:01.224652+00:00,148.7,43,ask,,,12351731
2026-07-08T15:02:01.707191,2026-07-08T15:02:01.716736+00:00,148.9,4,bid,,,12351738
2026-07-08T15:02:01.707191,2026-07-08T15:02:01.716736+00:00,149.0,8,bid,,,12351739
2026-07-08T15:02:01.707191,2026-07-08T15:02:01.721958+00:00,149.2,38,bid,,,12351740
2026-07-08T15:02:02.217223,2026-07-08T15:02:02.226756+00:00,148.9,42,ask,,,12351752
2026-07-08T15:02:02.359772,2026-07-08T15:02:02.411212+00:00,148.9,20,ask,,,12351756
2026-07-08T15:02:02.364245,2026-07-08T15:02:02.411212+00:00,148.9,3,ask,,,12351757
2026-07-08T15:02:02.415543,2026-07-08T15:02:02.426692+00:00,149.1,8,ask,,,12351762
2026-07-08T15:02:02.477237,2026-07-08T15:02:02.489175+00:00,148.9,20,ask,,,12351765
2026-07-08T15:02:02.589144,2026-07-08T15:02:02.600558+00:00,148.9,15,ask,,,12351768
2026-07-08T15:02:02.599928,2026-07-08T15:02:02.611005+00:00,148.8,5,ask,,,12351771
2026-07-08T15:02:02.805025,2026-07-08T15:02:02.816626+00:00,148.9,8,ask,,,12351774
2026-07-08T15:02:02.814792,2026-07-08T15:02:02.822078+00:00,148.8,12,ask,,,12351776
2026-07-08T15:02:03.140211,2026-07-08T15:02:03.158565+00:00,148.9,8,ask,,,12351784
2026-07-08T15:02:03.150556,2026-07-08T15:02:03.158565+00:00,148.8,12,ask,,,12351786
2026-07-08T15:02:03.212031,2026-07-08T15:02:03.223022+00:00,149.2,8,bid,,,12351788
2026-07-08T15:02:03.212031,2026-07-08T15:02:03.223022+00:00,149.3,40,bid,,,12351789
2026-07-08T15:02:03.455622,2026-07-08T15:02:03.467408+00:00,148.9,8,ask,,,12351793
2026-07-08T15:02:03.465741,2026-07-08T15:02:03.472607+00:00,148.8,12,ask,,,12351795
2026-07-08T15:02:03.890796,2026-07-08T15:02:03.899078+00:00,148.9,8,ask,,,12351801
2026-07-08T15:02:03.890796,2026-07-08T15:02:03.899078+00:00,148.8,42,ask,,,12351802
2026-07-08T15:02:04.422946,2026-07-08T15:02:04.434885+00:00,148.9,8,ask,,,12351804
2026-07-08T15:02:04.422946,2026-07-08T15:02:04.434885+00:00,148.8,38,ask,,,12351805
2026-07-08T15:02:05.361120,2026-07-08T15:02:05.369037+00:00,148.9,8,ask,,,12351816
2026-07-08T15:02:05.538458,2026-07-08T15:02:05.548669+00:00,148.8,8,bid,,,12351820
2026-07-08T15:02:05.694858,2026-07-08T15:02:05.703609+00:00,148.7,3,bid,,,12351822
2026-07-08T15:02:05.947750,2026-07-08T15:02:05.954556+00:00,148.7,5,bid,,,12351824
2026-07-08T15:02:05.947750,2026-07-08T15:02:05.954556+00:00,148.8,45,bid,,,12351825
2026-07-08T15:02:08.119489,2026-07-08T15:02:08.126883+00:00,148.4,50,ask,,,12351858
2026-07-08T15:02:10.663513,2026-07-08T15:02:10.674502+00:00,148.8,46,bid,,,12351905
2026-07-08T15:02:12.337058,2026-07-08T15:02:12.348923+00:00,148.6,50,ask,,,12351940
2026-07-08T15:02:12.622591,2026-07-08T15:02:12.633031+00:00,148.6,42,ask,,,12351947
2026-07-08T15:02:13.125535,2026-07-08T15:02:13.137484+00:00,149.0,8,bid,,,12351951
2026-07-08T15:02:13.125535,2026-07-08T15:02:13.137484+00:00,149.1,35,bid,,,12351952
2026-07-08T15:02:13.182330,2026-07-08T15:02:13.192117+00:00,148.6,8,ask,,,12351956
2026-07-08T15:02:13.182330,2026-07-08T15:02:13.192117+00:00,148.6,32,ask,,,12351957
2026-07-08T15:02:14.444978,2026-07-08T15:02:14.453781+00:00,148.6,50,ask,,,12351984
2026-07-08T15:02:14.874470,2026-07-08T15:02:14.886267+00:00,148.6,68,ask,,,12351994
2026-07-08T15:02:15.018794,2026-07-08T15:02:15.028824+00:00,148.2,3,bid,,,12351995
2026-07-08T15:02:15.059577,2026-07-08T15:02:15.070912+00:00,148.2,20,bid,,,12351998
2026-07-08T15:02:15.169144,2026-07-08T15:02:15.176173+00:00,148.2,20,bid,,,12352000
2026-07-08T15:02:15.283915,2026-07-08T15:02:15.291460+00:00,148.2,20,bid,,,12352003
2026-07-08T15:02:15.446352,2026-07-08T15:02:15.452120+00:00,148.2,20,bid,,,12352012
2026-07-08T15:02:15.471453,2026-07-08T15:02:15.481316+00:00,148.2,11,bid,,,12352013
2026-07-08T15:02:15.561662,2026-07-08T15:02:15.568350+00:00,148.2,20,bid,,,12352017
2026-07-08T15:02:15.671892,2026-07-08T15:02:15.682129+00:00,148.2,20,bid,,,12352020
2026-07-08T15:02:16.156025,2026-07-08T15:02:16.163757+00:00,148.2,16,bid,,,12352026
2026-07-08T15:02:16.156025,2026-07-08T15:02:16.169386+00:00,148.5,8,bid,,,12352027
2026-07-08T15:02:16.156025,2026-07-08T15:02:16.169386+00:00,148.6,23,bid,,,12352028
2026-07-08T15:02:16.550877,2026-07-08T15:02:16.558872+00:00,148.1,50,ask,,,12352034
2026-07-08T15:02:18.605899,2026-07-08T15:02:18.617665+00:00,148.7,50,bid,,,12352087
2026-07-08T15:02:19.407326,2026-07-08T15:02:19.417238+00:00,148.4,11,ask,,,12352105
2026-07-08T15:02:20.713511,2026-07-08T15:02:20.725026+00:00,148.7,50,bid,,,12352129
2026-07-08T15:02:21.160166,2026-07-08T15:02:21.168555+00:00,148.7,3,ask,,,12352139
2026-07-08T15:02:22.524703,2026-07-08T15:02:22.531728+00:00,148.7,41,ask,,,12352154
2026-07-08T15:02:22.871381,2026-07-08T15:02:22.878199+00:00,148.7,50,ask,,,12352155
2026-07-08T15:02:23.771514,2026-07-08T15:02:23.783081+00:00,149.1,43,bid,,,12352179
2026-07-08T15:02:24.977480,2026-07-08T15:02:24.986007+00:00,148.6,50,ask,,,12352195
2026-07-08T15:02:27.086081,2026-07-08T15:02:27.094431+00:00,148.6,50,ask,,,12352229
2026-07-08T15:02:29.192183,2026-07-08T15:02:29.203584+00:00,148.3,50,ask,,,12352269
2026-07-08T15:02:30.484005,2026-07-08T15:02:30.495467+00:00,148.6,43,bid,,,12352290
2026-07-08T15:02:30.538594,2026-07-08T15:02:30.549672+00:00,148.3,44,ask,,,12352294
2026-07-08T15:02:31.005904,2026-07-08T15:02:31.017721+00:00,148.6,42,bid,,,12352309
2026-07-08T15:02:31.306966,2026-07-08T15:02:31.315841+00:00,148.4,50,ask,,,12352317
2026-07-08T15:02:32.834960,2026-07-08T15:02:32.846626+00:00,148.4,45,ask,,,12352338
2026-07-08T15:02:33.264084,2026-07-08T15:02:33.278430+00:00,148.6,3,bid,,,12352342
2026-07-08T15:02:33.362325,2026-07-08T15:02:33.371453+00:00,148.6,50,bid,,,12352347
2026-07-08T15:02:34.440595,2026-07-08T15:02:34.452295+00:00,148.7,47,bid,,,12352355
2026-07-08T15:02:35.468309,2026-07-08T15:02:35.479970+00:00,148.7,50,bid,,,12352370
2026-07-08T15:02:37.575507,2026-07-08T15:02:37.583386+00:00,148.9,8,bid,,,12352393
2026-07-08T15:02:37.575507,2026-07-08T15:02:37.588583+00:00,149.0,42,bid,,,12352394
2026-07-08T15:02:39.684448,2026-07-08T15:02:39.694433+00:00,148.9,8,bid,,,12352430
2026-07-08T15:02:39.684448,2026-07-08T15:02:39.694433+00:00,149.0,42,bid,,,12352431
2026-07-08T15:02:40.149849,2026-07-08T15:02:40.168457+00:00,148.9,8,ask,,,12352440
2026-07-08T15:02:40.159658,2026-07-08T15:02:40.168457+00:00,148.9,3,ask,,,12352441
2026-07-08T15:02:40.933074,2026-07-08T15:02:40.944729+00:00,148.9,44,ask,,,12352452
2026-07-08T15:02:41.497784,2026-07-08T15:02:41.509539+00:00,148.9,44,ask,,,12352454
2026-07-08T15:02:43.611108,2026-07-08T15:02:43.622583+00:00,148.7,46,ask,,,12352486
2026-07-08T15:02:43.899655,2026-07-08T15:02:43.911590+00:00,149.1,50,bid,,,12352487
2026-07-08T15:02:44.076216,2026-07-08T15:02:44.163664+00:00,149.1,40,bid,,,12352490
2026-07-08T15:02:46.006696,2026-07-08T15:02:46.018483+00:00,149.1,10,bid,,,12352526
2026-07-08T15:02:46.006696,2026-07-08T15:02:46.018483+00:00,149.1,8,bid,,,12352527
2026-07-08T15:02:46.006696,2026-07-08T15:02:46.018483+00:00,149.2,32,bid,,,12352528
2026-07-08T15:02:46.637956,2026-07-08T15:02:46.649572+00:00,149.2,8,bid,,,12352540
2026-07-08T15:02:46.637956,2026-07-08T15:02:46.649572+00:00,149.4,35,bid,,,12352541
2026-07-08T15:02:47.735308,2026-07-08T15:02:47.742768+00:00,148.9,42,ask,,,12352553
2026-07-08T15:02:48.118594,2026-07-08T15:02:48.126561+00:00,149.1,50,bid,,,12352558
2026-07-08T15:02:48.354793,2026-07-08T15:02:48.366326+00:00,149.1,44,bid,,,12352561
2026-07-08T15:02:50.225716,2026-07-08T15:02:50.237504+00:00,149.5,50,bid,,,12352595
2026-07-08T15:02:50.231209,2026-07-08T15:02:50.242516+00:00,149.2,45,ask,,,12352596
2026-07-08T15:02:52.267371,2026-07-08T15:02:52.276396+00:00,149.5,44,bid,,,12352638
2026-07-08T15:02:52.388266,2026-07-08T15:02:52.397676+00:00,149.2,50,ask,,,12352641
2026-07-08T15:02:52.830643,2026-07-08T15:02:52.840749+00:00,149.3,3,ask,,,12352647
2026-07-08T15:02:52.841450,2026-07-08T15:02:52.855994+00:00,149.3,47,ask,,,12352649
2026-07-08T15:02:52.884506,2026-07-08T15:02:52.895963+00:00,149.3,20,ask,,,12352650
2026-07-08T15:02:52.970433,2026-07-08T15:02:52.982098+00:00,149.3,30,ask,,,12352652
2026-07-08T15:02:52.970433,2026-07-08T15:02:52.982098+00:00,149.2,8,ask,,,12352653
2026-07-08T15:02:53.859555,2026-07-08T15:02:53.869585+00:00,149.2,42,bid,,,12352667
2026-07-08T15:02:54.458768,2026-07-08T15:02:54.470763+00:00,149.2,50,bid,,,12352673
2026-07-08T15:02:54.590045,2026-07-08T15:02:54.598712+00:00,148.8,8,ask,,,12352675
2026-07-08T15:02:54.590045,2026-07-08T15:02:54.598712+00:00,148.7,34,ask,,,12352676
2026-07-08T15:02:55.684814,2026-07-08T15:02:55.695117+00:00,149.2,20,bid,,,12352691
2026-07-08T15:02:55.684814,2026-07-08T15:02:55.695117+00:00,149.2,8,bid,,,12352692
2026-07-08T15:02:56.266510,2026-07-08T15:02:56.284090+00:00,149.2,20,ask,,,12352701
2026-07-08T15:02:56.397293,2026-07-08T15:02:56.404958+00:00,149.2,20,ask,,,12352708
2026-07-08T15:02:56.421559,2026-07-08T15:02:56.430810+00:00,149.3,8,ask,,,12352710
2026-07-08T15:02:56.508184,2026-07-08T15:02:56.519686+00:00,149.2,20,ask,,,12352713
2026-07-08T15:02:56.625767,2026-07-08T15:02:56.637384+00:00,149.2,50,ask,,,12352716
2026-07-08T15:02:56.647199,2026-07-08T15:02:56.658777+00:00,149.2,20,ask,,,12352717
2026-07-08T15:02:56.751309,2026-07-08T15:02:56.760117+00:00,149.3,3,ask,,,12352723
2026-07-08T15:02:56.758846,2026-07-08T15:02:56.775773+00:00,149.3,5,ask,,,12352725
2026-07-08T15:02:56.766892,2026-07-08T15:02:56.775773+00:00,149.2,15,ask,,,12352727
2026-07-08T15:02:56.873198,2026-07-08T15:02:56.882067+00:00,149.2,5,ask,,,12352728
2026-07-08T15:02:58.734931,2026-07-08T15:02:58.742801+00:00,149.0,50,ask,,,12352761
2026-07-08T15:02:58.912244,2026-07-08T15:02:58.924146+00:00,149.5,46,bid,,,12352771
2026-07-08T15:02:59.323131,2026-07-08T15:02:59.331934+00:00,149.2,14,bid,,,12352781
2026-07-08T15:02:59.792555,2026-07-08T15:02:59.804319+00:00,149.1,44,ask,,,12352788
2026-07-08T15:03:00.843931,2026-07-08T15:03:00.853269+00:00,149.1,50,ask,,,12352802
2026-07-08T15:03:02.898466,2026-07-08T15:03:02.906252+00:00,149.2,50,bid,,,12352835
2026-07-08T15:03:04.856205,2026-07-08T15:03:04.867716+00:00,149.2,42,bid,,,12352855
2026-07-08T15:03:05.022754,2026-07-08T15:03:05.038578+00:00,149.2,50,bid,,,12352860
2026-07-08T15:03:05.580207,2026-07-08T15:03:05.591978+00:00,149.2,8,bid,,,12352875
2026-07-08T15:03:05.580207,2026-07-08T15:03:05.591978+00:00,149.3,100,bid,,,12352876
2026-07-08T15:03:06.734976,2026-07-08T15:03:06.743894+00:00,149.3,3,ask,,,12352886
2026-07-08T15:03:06.766519,2026-07-08T15:03:06.777923+00:00,149.4,8,ask,,,12352888
2026-07-08T15:03:06.776912,2026-07-08T15:03:06.798252+00:00,149.3,12,ask,,,12352891
2026-07-08T15:03:06.876818,2026-07-08T15:03:06.886436+00:00,149.3,27,ask,,,12352892
2026-07-08T15:03:06.876818,2026-07-08T15:03:06.886436+00:00,148.8,22,ask,,,12352893
2026-07-08T15:03:08.400115,2026-07-08T15:03:08.409175+00:00,149.5,8,bid,,,12352917
2026-07-08T15:03:08.882447,2026-07-08T15:03:08.893935+00:00,149.4,45,bid,,,12352923
2026-07-08T15:03:09.238959,2026-07-08T15:03:09.245328+00:00,149.4,50,bid,,,12352928
2026-07-08T15:03:10.671888,2026-07-08T15:03:10.681417+00:00,149.4,3,bid,,,12352952
2026-07-08T15:03:11.076286,2026-07-08T15:03:11.088083+00:00,149.2,48,ask,,,12352956
2026-07-08T15:03:13.332548,2026-07-08T15:03:13.339818+00:00,149.6,49,bid,,,12352987
2026-07-08T15:03:13.386503,2026-07-08T15:03:13.398173+00:00,149.3,46,ask,,,12352988
2026-07-08T15:03:13.498210,2026-07-08T15:03:13.506443+00:00,149.3,50,ask,,,12352989
2026-07-08T15:03:15.554599,2026-07-08T15:03:15.556919+00:00,149.5,50,bid,,,12353010
2026-07-08T15:03:16.842072,2026-07-08T15:03:16.848979+00:00,149.3,42,ask,,,12353031
2026-07-08T15:03:17.661299,2026-07-08T15:03:17.669099+00:00,149.5,50,bid,,,12353043
2026-07-08T15:03:17.780484,2026-07-08T15:03:17.792519+00:00,149.5,49,bid,,,12353044
2026-07-08T15:03:18.255949,2026-07-08T15:03:18.267722+00:00,149.5,100,bid,,,12353050
2026-07-08T15:03:18.459509,2026-07-08T15:03:18.467740+00:00,149.6,3,ask,,,12353056
2026-07-08T15:03:18.471007,2026-07-08T15:03:18.483291+00:00,149.6,5,ask,,,12353058
2026-07-08T15:03:18.479351,2026-07-08T15:03:18.488313+00:00,149.5,15,ask,,,12353060
2026-07-08T15:03:18.807626,2026-07-08T15:03:18.822667+00:00,149.5,35,ask,,,12353067
2026-07-08T15:03:18.807626,2026-07-08T15:03:18.822667+00:00,149.5,8,ask,,,12353068
2026-07-08T15:03:18.807626,2026-07-08T15:03:18.822667+00:00,149.0,1,ask,,,12353069
2026-07-08T15:03:19.313462,2026-07-08T15:03:19.321884+00:00,149.7,8,bid,,,12353071
2026-07-08T15:03:19.313462,2026-07-08T15:03:19.327263+00:00,150.0,36,bid,,,12353072
2026-07-08T15:03:19.767817,2026-07-08T15:03:19.775078+00:00,149.7,8,bid,,,12353085
2026-07-08T15:03:19.767817,2026-07-08T15:03:19.776945+00:00,150.0,42,bid,,,12353086
2026-07-08T15:03:21.875806,2026-07-08T15:03:21.885139+00:00,149.8,50,bid,,,12353125
2026-07-08T15:03:21.896653,2026-07-08T15:03:21.908242+00:00,149.5,44,ask,,,12353126
2026-07-08T15:03:23.983127,2026-07-08T15:03:23.992103+00:00,149.8,50,bid,,,12353157
2026-07-08T15:03:24.591597,2026-07-08T15:03:24.603210+00:00,149.8,8,bid,,,12353169
2026-07-08T15:03:24.644091,2026-07-08T15:03:24.655615+00:00,149.9,20,ask,,,12353170
2026-07-08T15:03:24.764681,2026-07-08T15:03:24.777117+00:00,149.9,15,ask,,,12353172
2026-07-08T15:03:24.845344,2026-07-08T15:03:24.853964+00:00,149.9,8,ask,,,12353176
2026-07-08T15:03:25.164834,2026-07-08T15:03:25.173937+00:00,149.9,3,ask,,,12353181
2026-07-08T15:03:26.089719,2026-07-08T15:03:26.101331+00:00,150.0,50,bid,,,12353198
2026-07-08T15:03:26.470438,2026-07-08T15:03:26.480677+00:00,149.9,8,ask,,,12353206
2026-07-08T15:03:27.540953,2026-07-08T15:03:27.549631+00:00,150.0,43,bid,,,12353238
2026-07-08T15:03:28.248100,2026-07-08T15:03:28.255247+00:00,149.8,8,ask,,,12353246
2026-07-08T15:03:28.248100,2026-07-08T15:03:28.260429+00:00,149.7,42,ask,,,12353247
2026-07-08T15:03:30.357793,2026-07-08T15:03:30.369197+00:00,149.8,8,ask,,,12353271
2026-07-08T15:03:30.357793,2026-07-08T15:03:30.369197+00:00,149.7,42,ask,,,12353272
2026-07-08T15:03:30.417309,2026-07-08T15:03:30.425874+00:00,150.1,8,bid,,,12353273
2026-07-08T15:03:31.213311,2026-07-08T15:03:31.221038+00:00,150.0,46,ask,,,12353290
2026-07-08T15:03:32.248695,2026-07-08T15:03:32.255287+00:00,150.0,43,ask,,,12353298
2026-07-08T15:03:32.465463,2026-07-08T15:03:32.474261+00:00,150.0,50,ask,,,12353301
2026-07-08T15:03:34.170474,2026-07-08T15:03:34.180162+00:00,149.9,14,bid,,,12353321
2026-07-08T15:03:34.572347,2026-07-08T15:03:34.584073+00:00,149.8,50,ask,,,12353330
2026-07-08T15:03:34.724128,2026-07-08T15:03:34.732057+00:00,149.9,47,bid,,,12353335
2026-07-08T15:03:35.386043,2026-07-08T15:03:35.396549+00:00,149.8,45,ask,,,12353343
2026-07-08T15:03:35.682949,2026-07-08T15:03:35.694897+00:00,149.9,20,bid,,,12353348
2026-07-08T15:03:35.792849,2026-07-08T15:03:35.804217+00:00,149.9,20,bid,,,12353352
2026-07-08T15:03:35.904027,2026-07-08T15:03:35.914824+00:00,149.9,20,bid,,,12353354
2026-07-08T15:03:36.014981,2026-07-08T15:03:36.026305+00:00,149.9,20,bid,,,12353356
2026-07-08T15:03:36.149580,2026-07-08T15:03:36.158582+00:00,149.9,9,bid,,,12353358
2026-07-08T15:03:36.155861,2026-07-08T15:03:36.158582+00:00,150.3,8,bid,,,12353359
2026-07-08T15:03:36.680997,2026-07-08T15:03:36.692656+00:00,149.9,8,ask,,,12353366
2026-07-08T15:03:36.680997,2026-07-08T15:03:36.692656+00:00,149.8,5,ask,,,12353367
2026-07-08T15:03:36.680997,2026-07-08T15:03:36.692656+00:00,149.4,37,ask,,,12353368
2026-07-08T15:03:36.895839,2026-07-08T15:03:36.904118+00:00,150.0,8,bid,,,12353373
2026-07-08T15:03:36.903352,2026-07-08T15:03:36.914554+00:00,150.3,8,bid,,,12353374
2026-07-08T15:03:38.792594,2026-07-08T15:03:38.803927+00:00,149.8,50,ask,,,12353415
2026-07-08T15:03:40.847574,2026-07-08T15:03:40.858593+00:00,150.2,50,bid,,,12353454
2026-07-08T15:03:42.960352,2026-07-08T15:03:42.970071+00:00,150.2,50,bid,,,12353485
2026-07-08T15:03:44.908872,2026-07-08T15:03:44.915213+00:00,150.3,44,bid,,,12353516
2026-07-08T15:03:45.069445,2026-07-08T15:03:45.078172+00:00,150.3,50,bid,,,12353519
2026-07-08T15:03:45.488334,2026-07-08T15:03:45.497263+00:00,150.0,8,ask,,,12353529
2026-07-08T15:03:45.858686,2026-07-08T15:03:45.870310+00:00,150.0,20,ask,,,12353536
2026-07-08T15:03:46.953346,2026-07-08T15:03:46.964826+00:00,150.3,40,bid,,,12353552
2026-07-08T15:03:47.007069,2026-07-08T15:03:47.018851+00:00,150.1,49,ask,,,12353553
2026-07-08T15:03:47.227736,2026-07-08T15:03:47.239131+00:00,150.1,50,ask,,,12353557
2026-07-08T15:03:48.361019,2026-07-08T15:03:48.370988+00:00,150.1,40,ask,,,12353574
2026-07-08T15:03:48.442596,2026-07-08T15:03:48.450285+00:00,150.1,6,ask,,,12353576
2026-07-08T15:03:48.482663,2026-07-08T15:03:48.490773+00:00,150.1,5,ask,,,12353581
2026-07-08T15:03:49.334966,2026-07-08T15:03:49.346820+00:00,149.9,8,ask,,,12353594
2026-07-08T15:03:49.334966,2026-07-08T15:03:49.346820+00:00,149.8,42,ask,,,12353595
2026-07-08T15:03:49.976977,2026-07-08T15:03:49.994155+00:00,149.9,8,ask,,,12353609
2026-07-08T15:03:49.995686,2026-07-08T15:03:50.004364+00:00,149.8,11,bid,,,12353612
2026-07-08T15:03:50.046416,2026-07-08T15:03:50.055833+00:00,149.8,3,bid,,,12353618
2026-07-08T15:03:50.103610,2026-07-08T15:03:50.114179+00:00,149.8,20,bid,,,12353622
2026-07-08T15:03:50.225699,2026-07-08T15:03:50.233376+00:00,149.8,20,bid,,,12353628
2026-07-08T15:03:50.335691,2026-07-08T15:03:50.343031+00:00,149.8,20,bid,,,12353634
2026-07-08T15:03:50.447617,2026-07-08T15:03:50.458581+00:00,149.8,20,bid,,,12353638
2026-07-08T15:03:50.558058,2026-07-08T15:03:50.569016+00:00,149.8,20,bid,,,12353640
2026-07-08T15:03:50.668750,2026-07-08T15:03:50.679996+00:00,149.8,12,bid,,,12353643
2026-07-08T15:03:50.771142,2026-07-08T15:03:50.783044+00:00,149.8,16,bid,,,12353644
2026-07-08T15:03:50.771142,2026-07-08T15:03:50.783044+00:00,149.9,8,bid,,,12353645
2026-07-08T15:03:50.771142,2026-07-08T15:03:50.783044+00:00,150.1,19,bid,,,12353646
2026-07-08T15:03:51.455942,2026-07-08T15:03:51.479037+00:00,149.7,8,ask,,,12353661
2026-07-08T15:03:51.455942,2026-07-08T15:03:51.479037+00:00,149.6,42,ask,,,12353662
2026-07-08T15:03:51.874249,2026-07-08T15:03:51.884123+00:00,150.0,8,bid,,,12353676
2026-07-08T15:03:51.874249,2026-07-08T15:03:51.884123+00:00,150.1,33,bid,,,12353677
2026-07-08T15:03:52.493133,2026-07-08T15:03:52.499893+00:00,149.7,8,ask,,,12353687
2026-07-08T15:03:52.493133,2026-07-08T15:03:52.505042+00:00,149.6,38,ask,,,12353688
2026-07-08T15:03:53.565636,2026-07-08T15:03:53.577778+00:00,150.0,50,ask,,,12353705
2026-07-08T15:03:53.669735,2026-07-08T15:03:53.680218+00:00,150.0,42,ask,,,12353708
2026-07-08T15:03:55.696180,2026-07-08T15:03:55.707977+00:00,150.0,50,ask,,,12353743
2026-07-08T15:03:56.324999,2026-07-08T15:03:56.336536+00:00,150.0,8,ask,,,12353752
2026-07-08T15:03:57.753989,2026-07-08T15:03:57.763929+00:00,149.9,50,bid,,,12353777
2026-07-08T15:03:59.244218,2026-07-08T15:03:59.259409+00:00,149.9,3,bid,,,12353813
2026-07-08T15:03:59.320340,2026-07-08T15:03:59.333678+00:00,149.9,89,bid,,,12353816
2026-07-08T15:03:59.320340,2026-07-08T15:03:59.333678+00:00,150.0,8,bid,,,12353817
2026-07-08T15:03:59.433260,2026-07-08T15:03:59.442943+00:00,150.4,8,bid,,,12353819
2026-07-08T15:03:59.444313,2026-07-08T15:03:59.454530+00:00,150.4,3,ask,,,12353821
2026-07-08T15:03:59.915507,2026-07-08T15:03:59.928499+00:00,150.4,50,ask,,,12353825
2026-07-08T15:04:02.022559,2026-07-08T15:04:02.032188+00:00,150.4,50,ask,,,12353857
2026-07-08T15:04:02.540796,2026-07-08T15:04:02.554224+00:00,150.4,39,ask,,,12353869
2026-07-08T15:04:02.800715,2026-07-08T15:04:02.812548+00:00,150.3,43,bid,,,12353871
2026-07-08T15:04:04.851978,2026-07-08T15:04:04.863843+00:00,150.3,18,bid,,,12353907
2026-07-08T15:04:04.851978,2026-07-08T15:04:04.863843+00:00,150.4,8,bid,,,12353908
2026-07-08T15:04:04.851978,2026-07-08T15:04:04.863843+00:00,150.5,15,bid,,,12353909
2026-07-08T15:04:08.343650,2026-07-08T15:04:08.350733+00:00,149.8,50,ask,,,12353952
2026-07-08T15:04:09.099234,2026-07-08T15:04:09.110672+00:00,149.6,48,ask,,,12353967
2026-07-08T15:04:10.449334,2026-07-08T15:04:10.461305+00:00,149.6,50,ask,,,12353984
2026-07-08T15:04:12.146403,2026-07-08T15:04:12.151953+00:00,149.6,8,ask,,,12354008
2026-07-08T15:04:12.160124,2026-07-08T15:04:12.168791+00:00,149.5,3,bid,,,12354011
2026-07-08T15:04:12.556044,2026-07-08T15:04:12.565010+00:00,149.3,50,ask,,,12354021
2026-07-08T15:04:12.771486,2026-07-08T15:04:12.783266+00:00,149.5,46,bid,,,12354028
2026-07-08T15:04:13.641596,2026-07-08T15:04:13.652271+00:00,149.5,11,bid,,,12354046
2026-07-08T15:04:14.611248,2026-07-08T15:04:14.617694+00:00,149.5,50,bid,,,12354059
2026-07-08T15:04:14.957017,2026-07-08T15:04:14.965632+00:00,149.5,23,bid,,,12354068
2026-07-08T15:04:15.271437,2026-07-08T15:04:15.280659+00:00,149.8,23,ask,,,12354079
2026-07-08T15:04:15.682564,2026-07-08T15:04:15.699305+00:00,149.8,11,ask,,,12354092
2026-07-08T15:04:16.319819,2026-07-08T15:04:16.335962+00:00,149.8,3,ask,,,12354104
2026-07-08T15:04:18.823691,2026-07-08T15:04:18.835414+00:00,149.9,50,bid,,,12354155
2026-07-08T15:04:19.896096,2026-07-08T15:04:19.909003+00:00,149.9,41,bid,,,12354178
2026-07-08T15:04:20.984536,2026-07-08T15:04:20.996357+00:00,149.7,50,ask,,,12354196
2026-07-08T15:04:22.381095,2026-07-08T15:04:22.389292+00:00,149.8,3,bid,,,12354221
2026-07-08T15:04:23.092762,2026-07-08T15:04:23.100379+00:00,149.4,50,ask,,,12354238
2026-07-08T15:04:24.299291,2026-07-08T15:04:24.308071+00:00,149.8,46,bid,,,12354262
2026-07-08T15:04:25.199155,2026-07-08T15:04:25.210805+00:00,149.7,50,ask,,,12354274
2026-07-08T15:04:27.145896,2026-07-08T15:04:27.158605+00:00,149.7,48,ask,,,12354311
2026-07-08T15:04:27.965206,2026-07-08T15:04:27.974296+00:00,149.6,8,ask,,,12354331
2026-07-08T15:04:28.086413,2026-07-08T15:04:28.094975+00:00,149.6,34,bid,,,12354334
2026-07-08T15:04:29.358307,2026-07-08T15:04:29.369682+00:00,149.6,50,bid,,,12354354
2026-07-08T15:04:29.717169,2026-07-08T15:04:29.728770+00:00,149.6,48,bid,,,12354359
2026-07-08T15:04:31.077204,2026-07-08T15:04:31.087785+00:00,149.7,8,bid,,,12354383
2026-07-08T15:04:31.088899,2026-07-08T15:04:31.097545+00:00,149.8,23,ask,,,12354384
2026-07-08T15:04:31.465445,2026-07-08T15:04:31.473285+00:00,149.9,50,bid,,,12354394
2026-07-08T15:04:32.065873,2026-07-08T15:04:32.085173+00:00,149.8,11,ask,,,12354405
2026-07-08T15:04:33.572306,2026-07-08T15:04:33.583916+00:00,149.9,50,bid,,,12354438
2026-07-08T15:04:35.679163,2026-07-08T15:04:35.690834+00:00,150.0,50,bid,,,12354470
2026-07-08T15:04:35.725200,2026-07-08T15:04:35.736023+00:00,149.6,47,ask,,,12354473
2026-07-08T15:04:36.741282,2026-07-08T15:04:36.748309+00:00,149.6,46,ask,,,12354495
2026-07-08T15:04:37.841241,2026-07-08T15:04:37.848730+00:00,149.5,50,ask,,,12354519
2026-07-08T15:04:39.664435,2026-07-08T15:04:39.674343+00:00,149.7,43,bid,,,12354548
2026-07-08T15:04:39.718208,2026-07-08T15:04:39.729513+00:00,149.5,40,ask,,,12354549
2026-07-08T15:04:39.925521,2026-07-08T15:04:39.936373+00:00,149.7,50,bid,,,12354553
2026-07-08T15:04:42.482517,2026-07-08T15:04:42.494554+00:00,149.7,43,bid,,,12354594
2026-07-08T15:04:43.028876,2026-07-08T15:04:43.040498+00:00,149.5,44,ask,,,12354605
2026-07-08T15:04:43.581473,2026-07-08T15:04:43.593057+00:00,149.4,8,ask,,,12354611
2026-07-08T15:04:44.085440,2026-07-08T15:04:44.158700+00:00,149.8,49,bid,,,12354622
2026-07-08T15:04:44.186694,2026-07-08T15:04:44.258962+00:00,149.4,50,ask,,,12354627
2026-07-08T15:04:44.635607,2026-07-08T15:04:44.647205+00:00,149.4,40,ask,,,12354632
2026-07-08T15:04:46.242544,2026-07-08T15:04:46.263933+00:00,149.8,50,bid,,,12354651
2026-07-08T15:04:46.267703,2026-07-08T15:04:46.274498+00:00,149.8,46,bid,,,12354652
2026-07-08T15:04:46.908726,2026-07-08T15:04:46.920448+00:00,149.5,100,bid,,,12354670
2026-07-08T15:04:46.908726,2026-07-08T15:04:46.920448+00:00,149.7,8,bid,,,12354671
2026-07-08T15:04:46.975945,2026-07-08T15:04:46.986190+00:00,149.8,3,ask,,,12354672
2026-07-08T15:04:48.427535,2026-07-08T15:04:48.439904+00:00,149.8,39,ask,,,12354697
2026-07-08T15:04:48.427535,2026-07-08T15:04:48.439904+00:00,149.8,8,ask,,,12354698
2026-07-08T15:04:48.427535,2026-07-08T15:04:48.439904+00:00,149.0,3,ask,,,12354699
2026-07-08T15:04:50.539096,2026-07-08T15:04:50.550548+00:00,149.4,50,ask,,,12354729
2026-07-08T15:04:51.782323,2026-07-08T15:04:51.793687+00:00,149.4,44,ask,,,12354751
2026-07-08T15:04:52.624650,2026-07-08T15:04:52.632111+00:00,149.7,8,bid,,,12354769
2026-07-08T15:04:52.624650,2026-07-08T15:04:52.637382+00:00,149.8,42,bid,,,12354770
2026-07-08T15:04:52.967433,2026-07-08T15:04:52.979742+00:00,149.4,6,ask,,,12354778
2026-07-08T15:04:52.967433,2026-07-08T15:04:52.979742+00:00,149.4,8,ask,,,12354779
2026-07-08T15:04:52.967433,2026-07-08T15:04:52.979742+00:00,149.3,26,ask,,,12354780
2026-07-08T15:04:53.624238,2026-07-08T15:04:53.635876+00:00,149.5,43,bid,,,12354792
2026-07-08T15:04:54.740057,2026-07-08T15:04:54.751331+00:00,149.5,50,bid,,,12354811
2026-07-08T15:04:55.036664,2026-07-08T15:04:55.081904+00:00,149.3,40,ask,,,12354814
2026-07-08T15:04:56.846669,2026-07-08T15:04:56.868687+00:00,149.6,50,bid,,,12354852
2026-07-08T15:04:57.721817,2026-07-08T15:04:57.733167+00:00,149.6,49,bid,,,12354865
2026-07-08T15:04:58.953696,2026-07-08T15:04:58.965642+00:00,149.6,50,bid,,,12354882
2026-07-08T15:04:59.388847,2026-07-08T15:04:59.398990+00:00,149.2,41,ask,,,12354884
2026-07-08T15:04:59.556156,2026-07-08T15:04:59.567889+00:00,149.6,8,bid,,,12354888
2026-07-08T15:04:59.556156,2026-07-08T15:04:59.567889+00:00,149.6,100,bid,,,12354889
2026-07-08T15:04:59.635803,2026-07-08T15:04:59.645939+00:00,149.7,3,ask,,,12354892
2026-07-08T15:04:59.654575,2026-07-08T15:04:59.661565+00:00,149.7,20,ask,,,12354894
2026-07-08T15:04:59.727510,2026-07-08T15:04:59.735878+00:00,149.8,8,ask,,,12354896
2026-07-08T15:04:59.763536,2026-07-08T15:04:59.775966+00:00,149.7,19,ask,,,12354898
2026-07-08T15:05:00.485142,2026-07-08T15:05:00.493896+00:00,149.8,8,bid,,,12354910
2026-07-08T15:05:01.139831,2026-07-08T15:05:01.148476+00:00,149.4,8,ask,,,12354916
2026-07-08T15:05:01.139831,2026-07-08T15:05:01.148476+00:00,149.1,42,ask,,,12354917
2026-07-08T15:05:02.695293,2026-07-08T15:05:02.701029+00:00,149.7,8,bid,,,12354947
2026-07-08T15:05:02.786072,2026-07-08T15:05:02.792072+00:00,149.6,3,bid,,,12354953
2026-07-08T15:05:03.246973,2026-07-08T15:05:03.258583+00:00,149.3,50,ask,,,12354958
2026-07-08T15:05:05.355814,2026-07-08T15:05:05.374530+00:00,149.3,50,ask,,,12354996
2026-07-08T15:05:05.860404,2026-07-08T15:05:05.866688+00:00,149.4,20,bid,,,12355001
2026-07-08T15:05:05.992316,2026-07-08T15:05:06.006001+00:00,149.4,19,bid,,,12355006
2026-07-08T15:05:06.749620,2026-07-08T15:05:06.756161+00:00,149.4,47,bid,,,12355010
2026-07-08T15:05:07.410907,2026-07-08T15:05:07.420254+00:00,149.4,14,bid,,,12355021
2026-07-08T15:05:07.410907,2026-07-08T15:05:07.420254+00:00,149.4,8,bid,,,12355022
2026-07-08T15:05:07.410907,2026-07-08T15:05:07.425535+00:00,149.5,28,bid,,,12355023
2026-07-08T15:05:09.518699,2026-07-08T15:05:09.530252+00:00,149.5,50,bid,,,12355044
2026-07-08T15:05:09.865255,2026-07-08T15:05:09.875011+00:00,149.5,48,bid,,,12355051
2026-07-08T15:05:11.630841,2026-07-08T15:05:11.638695+00:00,149.5,50,bid,,,12355077
2026-07-08T15:05:12.225144,2026-07-08T15:05:12.237075+00:00,149.5,8,bid,,,12355085
2026-07-08T15:05:12.225144,2026-07-08T15:05:12.237075+00:00,149.6,100,bid,,,12355086
2026-07-08T15:05:12.296502,2026-07-08T15:05:12.306866+00:00,149.6,3,ask,,,12355088
2026-07-08T15:05:12.349851,2026-07-08T15:05:12.361791+00:00,149.6,20,ask,,,12355090
2026-07-08T15:05:12.418955,2026-07-08T15:05:12.429177+00:00,149.7,8,ask,,,12355092
2026-07-08T15:05:12.575307,2026-07-08T15:05:12.586736+00:00,149.1,48,ask,,,12355102
2026-07-08T15:05:13.231352,2026-07-08T15:05:13.239851+00:00,149.4,8,ask,,,12355114
2026-07-08T15:05:13.231352,2026-07-08T15:05:13.239851+00:00,149.1,38,ask,,,12355115
2026-07-08T15:05:15.686172,2026-07-08T15:05:15.693585+00:00,149.5,44,bid,,,12355165
2026-07-08T15:05:17.685736,2026-07-08T15:05:17.694661+00:00,149.2,3,ask,,,12355194
2026-07-08T15:05:17.747098,2026-07-08T15:05:17.754934+00:00,149.2,20,ask,,,12355197
2026-07-08T15:05:17.952330,2026-07-08T15:05:17.964186+00:00,149.5,50,bid,,,12355206
2026-07-08T15:05:18.518871,2026-07-08T15:05:18.527337+00:00,149.2,11,bid,,,12355213
2026-07-08T15:05:20.113806,2026-07-08T15:05:20.123002+00:00,149.1,50,ask,,,12355241
2026-07-08T15:05:22.219304,2026-07-08T15:05:22.229906+00:00,148.9,50,ask,,,12355258
2026-07-08T15:05:22.944983,2026-07-08T15:05:22.963847+00:00,148.9,44,ask,,,12355276
2026-07-08T15:05:23.524204,2026-07-08T15:05:23.535991+00:00,149.3,43,bid,,,12355284
2026-07-08T15:05:24.974582,2026-07-08T15:05:24.984252+00:00,148.9,3,bid,,,12355308
2026-07-08T15:05:25.056375,2026-07-08T15:05:25.064116+00:00,148.9,20,bid,,,12355314
2026-07-08T15:05:25.166415,2026-07-08T15:05:25.174795+00:00,148.9,20,bid,,,12355321
2026-07-08T15:05:25.275696,2026-07-08T15:05:25.282236+00:00,148.9,19,bid,,,12355324
2026-07-08T15:05:26.429917,2026-07-08T15:05:26.438313+00:00,148.8,50,ask,,,12355352
2026-07-08T15:05:27.180175,2026-07-08T15:05:27.190313+00:00,148.9,49,bid,,,12355372
2026-07-08T15:05:27.233697,2026-07-08T15:05:27.243284+00:00,148.8,46,ask,,,12355376
2026-07-08T15:05:28.537154,2026-07-08T15:05:28.548341+00:00,148.9,50,ask,,,12355400
2026-07-08T15:05:30.643949,2026-07-08T15:05:30.655432+00:00,148.9,50,ask,,,12355437
2026-07-08T15:05:31.183705,2026-07-08T15:05:31.195166+00:00,149.0,8,ask,,,12355444
2026-07-08T15:05:31.223687,2026-07-08T15:05:31.235319+00:00,148.5,48,ask,,,12355445
2026-07-08T15:05:32.700226,2026-07-08T15:05:32.709200+00:00,148.9,50,bid,,,12355468
2026-07-08T15:05:32.724790,2026-07-08T15:05:32.736375+00:00,148.9,43,bid,,,12355469
2026-07-08T15:05:33.318842,2026-07-08T15:05:33.326637+00:00,148.9,42,bid,,,12355476
2026-07-08T15:05:33.712833,2026-07-08T15:05:33.722054+00:00,148.9,3,bid,,,12355484
2026-07-08T15:05:33.806088,2026-07-08T15:05:33.818611+00:00,148.6,8,ask,,,12355489
2026-07-08T15:05:33.806088,2026-07-08T15:05:33.818611+00:00,148.5,41,ask,,,12355490
2026-07-08T15:05:34.394916,2026-07-08T15:05:34.406971+00:00,148.9,8,bid,,,12355498
2026-07-08T15:05:34.394916,2026-07-08T15:05:34.406971+00:00,149.0,100,bid,,,12355499
2026-07-08T15:05:34.462293,2026-07-08T15:05:34.470803+00:00,149.2,3,ask,,,12355501
2026-07-08T15:05:35.060455,2026-07-08T15:05:35.068967+00:00,149.2,3,ask,,,12355512
2026-07-08T15:05:35.145562,2026-07-08T15:05:35.157423+00:00,149.2,20,ask,,,12355515
2026-07-08T15:05:35.258335,2026-07-08T15:05:35.267439+00:00,149.2,16,ask,,,12355518
2026-07-08T15:05:35.371618,2026-07-08T15:05:35.378942+00:00,149.2,8,ask,,,12355523
2026-07-08T15:05:35.383773,2026-07-08T15:05:35.394780+00:00,148.5,41,ask,,,12355526
2026-07-08T15:05:36.910980,2026-07-08T15:05:36.922877+00:00,149.3,8,bid,,,12355555
2026-07-08T15:05:36.910980,2026-07-08T15:05:36.922877+00:00,149.7,42,bid,,,12355556
2026-07-08T15:05:37.608904,2026-07-08T15:05:37.620556+00:00,149.0,47,bid,,,12355563
2026-07-08T15:05:39.023500,2026-07-08T15:05:39.034713+00:00,149.0,50,bid,,,12355582
2026-07-08T15:05:39.151444,2026-07-08T15:05:39.163650+00:00,148.6,47,ask,,,12355585
2026-07-08T15:05:40.244755,2026-07-08T15:05:40.252459+00:00,149.0,3,bid,,,12355603
2026-07-08T15:05:40.244755,2026-07-08T15:05:40.257489+00:00,149.0,8,bid,,,12355604
2026-07-08T15:05:40.244755,2026-07-08T15:05:40.257489+00:00,149.1,34,bid,,,12355605
2026-07-08T15:05:41.129999,2026-07-08T15:05:41.138020+00:00,149.0,50,bid,,,12355626
2026-07-08T15:05:41.786968,2026-07-08T15:05:41.798896+00:00,149.0,48,bid,,,12355635
2026-07-08T15:05:43.287186,2026-07-08T15:05:43.299132+00:00,148.7,50,ask,,,12355659
2026-07-08T15:05:45.398421,2026-07-08T15:05:45.407218+00:00,148.8,50,ask,,,12355678
2026-07-08T15:05:46.032449,2026-07-08T15:05:46.044178+00:00,148.8,42,ask,,,12355690
2026-07-08T15:05:47.123341,2026-07-08T15:05:47.135185+00:00,148.7,3,bid,,,12355704
2026-07-08T15:05:47.505471,2026-07-08T15:05:47.516943+00:00,148.3,50,ask,,,12355713
2026-07-08T15:05:48.009902,2026-07-08T15:05:48.018067+00:00,148.7,46,bid,,,12355720
2026-07-08T15:05:48.518981,2026-07-08T15:05:48.526184+00:00,148.3,46,ask,,,12355728
2026-07-08T15:05:49.528399,2026-07-08T15:05:49.540898+00:00,148.7,44,bid,,,12355742
2026-07-08T15:05:49.620979,2026-07-08T15:05:49.628999+00:00,148.3,4,ask,,,12355744
2026-07-08T15:05:49.620979,2026-07-08T15:05:49.634379+00:00,148.2,46,ask,,,12355745
2026-07-08T15:05:50.229592,2026-07-08T15:05:50.237241+00:00,148.4,100,bid,,,12355754
2026-07-08T15:05:50.229592,2026-07-08T15:05:50.242693+00:00,148.4,8,bid,,,12355755
2026-07-08T15:05:51.628760,2026-07-08T15:05:51.640224+00:00,148.4,41,ask,,,12355781
2026-07-08T15:05:51.677858,2026-07-08T15:05:51.686920+00:00,148.9,50,bid,,,12355782
2026-07-08T15:05:53.552727,2026-07-08T15:05:53.558599+00:00,148.6,20,bid,,,12355812
2026-07-08T15:05:53.663703,2026-07-08T15:05:53.670452+00:00,148.6,20,bid,,,12355814
2026-07-08T15:05:53.776735,2026-07-08T15:05:53.783270+00:00,148.6,4,bid,,,12355817
2026-07-08T15:05:53.840857,2026-07-08T15:05:53.851970+00:00,148.2,50,ask,,,12355822
2026-07-08T15:05:54.130951,2026-07-08T15:05:54.142662+00:00,148.6,49,bid,,,12355827
2026-07-08T15:05:54.186685,2026-07-08T15:05:54.198639+00:00,148.2,41,ask,,,12355828
2026-07-08T15:05:55.949541,2026-07-08T15:05:55.958577+00:00,148.2,9,ask,,,12355853
2026-07-08T15:05:55.949541,2026-07-08T15:05:55.958577+00:00,148.2,8,ask,,,12355854
2026-07-08T15:05:55.949541,2026-07-08T15:05:55.958577+00:00,148.1,33,ask,,,12355855
2026-07-08T15:05:56.533217,2026-07-08T15:05:56.544857+00:00,148.5,8,bid,,,12355863
2026-07-08T15:05:56.533217,2026-07-08T15:05:56.544857+00:00,148.5,37,bid,,,12355864
2026-07-08T15:05:58.060991,2026-07-08T15:05:58.068480+00:00,148.3,50,ask,,,12355874
2026-07-08T15:05:58.691808,2026-07-08T15:05:58.701076+00:00,148.5,3,bid,,,12355880
2026-07-08T15:06:00.169290,2026-07-08T15:06:00.176448+00:00,148.3,8,ask,,,12355909
2026-07-08T15:06:00.169290,2026-07-08T15:06:00.181602+00:00,148.2,42,ask,,,12355910
2026-07-08T15:06:02.286996,2026-07-08T15:06:02.300304+00:00,148.3,8,ask,,,12355946
2026-07-08T15:06:02.286996,2026-07-08T15:06:02.300304+00:00,148.2,42,ask,,,12355947
2026-07-08T15:06:04.393547,2026-07-08T15:06:04.405092+00:00,148.2,50,ask,,,12355991
2026-07-08T15:06:05.259893,2026-07-08T15:06:05.269561+00:00,148.5,11,bid,,,12356008
2026-07-08T15:06:06.450688,2026-07-08T15:06:06.457250+00:00,148.5,8,bid,,,12356030
2026-07-08T15:06:06.450688,2026-07-08T15:06:06.457250+00:00,148.6,42,bid,,,12356031
2026-07-08T15:06:06.759655,2026-07-08T15:06:06.768879+00:00,148.5,8,bid,,,12356039
2026-07-08T15:06:07.078832,2026-07-08T15:06:07.088800+00:00,148.5,4,bid,,,12356043
2026-07-08T15:06:08.132811,2026-07-08T15:06:08.139893+00:00,148.3,8,ask,,,12356055
2026-07-08T15:06:08.132811,2026-07-08T15:06:08.144932+00:00,148.1,34,ask,,,12356056
2026-07-08T15:06:08.640301,2026-07-08T15:06:08.652027+00:00,148.3,8,ask,,,12356061
2026-07-08T15:06:08.640301,2026-07-08T15:06:08.652027+00:00,148.1,42,ask,,,12356062
2026-07-08T15:06:08.998686,2026-07-08T15:06:09.014986+00:00,148.5,8,bid,,,12356071
2026-07-08T15:06:10.696611,2026-07-08T15:06:10.703578+00:00,148.7,50,bid,,,12356094
2026-07-08T15:06:10.715464,2026-07-08T15:06:10.724335+00:00,148.3,44,ask,,,12356095
2026-07-08T15:06:12.804312,2026-07-08T15:06:12.816100+00:00,148.6,50,bid,,,12356140
2026-07-08T15:06:14.912001,2026-07-08T15:06:14.923460+00:00,148.6,50,bid,,,12356171
2026-07-08T15:06:17.017732,2026-07-08T15:06:17.027399+00:00,148.9,50,bid,,,12356205
2026-07-08T15:06:17.995322,2026-07-08T15:06:18.003370+00:00,148.9,49,bid,,,12356215
2026-07-08T15:06:19.125415,2026-07-08T15:06:19.135239+00:00,149.1,8,bid,,,12356235
2026-07-08T15:06:19.125415,2026-07-08T15:06:19.135239+00:00,149.2,42,bid,,,12356236
2026-07-08T15:06:19.829526,2026-07-08T15:06:19.841192+00:00,148.7,41,ask,,,12356251
2026-07-08T15:06:21.235495,2026-07-08T15:06:21.247132+00:00,149.2,50,bid,,,12356280
2026-07-08T15:06:21.452540,2026-07-08T15:06:21.464378+00:00,148.7,43,ask,,,12356281
2026-07-08T15:06:23.342890,2026-07-08T15:06:23.354752+00:00,149.0,50,bid,,,12356311
2026-07-08T15:06:24.920443,2026-07-08T15:06:24.929330+00:00,149.0,100,bid,,,12356342
2026-07-08T15:06:25.048571,2026-07-08T15:06:25.068335+00:00,149.0,8,bid,,,12356346
2026-07-08T15:06:25.059522,2026-07-08T15:06:25.068335+00:00,149.4,34,ask,,,12356347
2026-07-08T15:06:25.450820,2026-07-08T15:06:25.462347+00:00,149.5,50,bid,,,12356356
2026-07-08T15:06:26.240641,2026-07-08T15:06:26.249636+00:00,149.4,3,ask,,,12356364
2026-07-08T15:06:26.259258,2026-07-08T15:06:26.270765+00:00,149.4,20,ask,,,12356366
2026-07-08T15:06:26.369501,2026-07-08T15:06:26.381382+00:00,149.4,20,ask,,,12356368
2026-07-08T15:06:26.480243,2026-07-08T15:06:26.491923+00:00,149.4,20,ask,,,12356374
2026-07-08T15:06:26.589812,2026-07-08T15:06:26.599611+00:00,149.4,20,ask,,,12356380
2026-07-08T15:06:26.698488,2026-07-08T15:06:26.706188+00:00,149.4,20,ask,,,12356386
2026-07-08T15:06:26.809539,2026-07-08T15:06:26.820935+00:00,149.4,5,ask,,,12356389
2026-07-08T15:06:26.818314,2026-07-08T15:06:26.826360+00:00,149.3,8,ask,,,12356391
2026-07-08T15:06:27.558429,2026-07-08T15:06:27.570003+00:00,149.5,50,bid,,,12356410
2026-07-08T15:06:28.272434,2026-07-08T15:06:28.284121+00:00,149.1,8,ask,,,12356419
2026-07-08T15:06:28.285593,2026-07-08T15:06:28.294139+00:00,149.0,1,bid,,,12356421
2026-07-08T15:06:28.295357,2026-07-08T15:06:28.304426+00:00,149.0,2,bid,,,12356423
2026-07-08T15:06:28.453704,2026-07-08T15:06:28.460530+00:00,149.0,20,bid,,,12356431
2026-07-08T15:06:28.563172,2026-07-08T15:06:28.569934+00:00,149.0,20,bid,,,12356433
2026-07-08T15:06:28.674643,2026-07-08T15:06:28.685387+00:00,149.0,20,bid,,,12356436
2026-07-08T15:06:28.791645,2026-07-08T15:06:28.802389+00:00,149.0,20,bid,,,12356444
2026-07-08T15:06:28.902893,2026-07-08T15:06:28.913995+00:00,149.0,20,bid,,,12356448
2026-07-08T15:06:29.013004,2026-07-08T15:06:29.020572+00:00,149.0,13,bid,,,12356451
2026-07-08T15:06:29.664811,2026-07-08T15:06:29.677054+00:00,149.0,26,bid,,,12356459
2026-07-08T15:06:29.664811,2026-07-08T15:06:29.677054+00:00,149.1,8,bid,,,12356460
2026-07-08T15:06:29.664811,2026-07-08T15:06:29.677054+00:00,149.2,16,bid,,,12356461
2026-07-08T15:06:31.778350,2026-07-08T15:06:31.858670+00:00,149.2,50,bid,,,12356494
2026-07-08T15:06:31.990817,2026-07-08T15:06:32.058617+00:00,149.1,40,ask,,,12356499
2026-07-08T15:06:33.885162,2026-07-08T15:06:33.897007+00:00,149.2,50,bid,,,12356522
2026-07-08T15:06:35.995347,2026-07-08T15:06:36.003210+00:00,149.5,50,bid,,,12356562
2026-07-08T15:06:38.142209,2026-07-08T15:06:38.154501+00:00,149.2,3,ask,,,12356583
2026-07-08T15:06:38.161684,2026-07-08T15:06:38.169879+00:00,149.2,20,ask,,,12356585
2026-07-08T15:06:38.271587,2026-07-08T15:06:38.279014+00:00,149.2,20,ask,,,12356589
2026-07-08T15:06:38.381002,2026-07-08T15:06:38.392790+00:00,149.2,20,ask,,,12356595
2026-07-08T15:06:38.492030,2026-07-08T15:06:38.558691+00:00,149.2,20,ask,,,12356602
2026-07-08T15:06:38.652591,2026-07-08T15:06:38.669577+00:00,149.2,17,ask,,,12356606
2026-07-08T15:06:38.652591,2026-07-08T15:06:38.669577+00:00,149.2,3,ask,,,12356607
2026-07-08T15:06:40.207592,2026-07-08T15:06:40.219397+00:00,149.4,50,bid,,,12356642
2026-07-08T15:06:40.534969,2026-07-08T15:06:40.558535+00:00,149.4,43,bid,,,12356647
2026-07-08T15:06:40.972242,2026-07-08T15:06:40.980078+00:00,149.2,20,ask,,,12356651
2026-07-08T15:06:41.087390,2026-07-08T15:06:41.096366+00:00,149.2,20,ask,,,12356656
2026-07-08T15:06:41.241361,2026-07-08T15:06:41.258575+00:00,149.2,20,ask,,,12356663
2026-07-08T15:06:41.350887,2026-07-08T15:06:41.358257+00:00,149.2,20,ask,,,12356668
2026-07-08T15:06:41.461018,2026-07-08T15:06:41.472571+00:00,149.2,20,ask,,,12356671
2026-07-08T15:06:42.318280,2026-07-08T15:06:42.326474+00:00,149.3,50,bid,,,12356687
2026-07-08T15:06:44.442254,2026-07-08T15:06:44.454476+00:00,149.5,50,bid,,,12356720
2026-07-08T15:06:44.508956,2026-07-08T15:06:44.518065+00:00,149.5,45,bid,,,12356723
2026-07-08T15:06:45.915414,2026-07-08T15:06:45.925846+00:00,149.2,45,ask,,,12356744
2026-07-08T15:06:46.501091,2026-07-08T15:06:46.510893+00:00,149.5,43,bid,,,12356754
2026-07-08T15:06:46.551382,2026-07-08T15:06:46.558987+00:00,149.5,12,bid,,,12356755
2026-07-08T15:06:46.551382,2026-07-08T15:06:46.564298+00:00,149.5,8,bid,,,12356756
2026-07-08T15:06:46.551382,2026-07-08T15:06:46.564298+00:00,149.7,30,bid,,,12356757
2026-07-08T15:06:47.200015,2026-07-08T15:06:47.211770+00:00,149.5,100,bid,,,12356772
2026-07-08T15:06:47.213204,2026-07-08T15:06:47.223461+00:00,149.5,11,ask,,,12356773
2026-07-08T15:06:47.402627,2026-07-08T15:06:47.410667+00:00,149.7,8,ask,,,12356775
2026-07-08T15:06:47.757656,2026-07-08T15:06:47.769806+00:00,149.7,8,ask,,,12356779
2026-07-08T15:06:48.085089,2026-07-08T15:06:48.094445+00:00,149.7,8,ask,,,12356785
2026-07-08T15:06:49.113265,2026-07-08T15:06:49.125128+00:00,149.6,4,ask,,,12356806
2026-07-08T15:06:50.249614,2026-07-08T15:06:50.259954+00:00,149.6,8,ask,,,12356831
2026-07-08T15:06:50.776576,2026-07-08T15:06:50.784669+00:00,149.5,50,bid,,,12356841
2026-07-08T15:06:52.933662,2026-07-08T15:06:52.945207+00:00,149.2,50,ask,,,12356872
2026-07-08T15:06:53.117125,2026-07-08T15:06:53.129058+00:00,149.2,48,ask,,,12356879
2026-07-08T15:06:53.459535,2026-07-08T15:06:53.467885+00:00,149.4,9,bid,,,12356882
2026-07-08T15:06:53.659784,2026-07-08T15:06:53.669186+00:00,149.2,47,ask,,,12356884
2026-07-08T15:06:55.041502,2026-07-08T15:06:55.049613+00:00,149.2,50,ask,,,12356910
2026-07-08T15:06:55.643582,2026-07-08T15:06:55.649992+00:00,149.4,49,bid,,,12356926
2026-07-08T15:06:56.433191,2026-07-08T15:06:56.442331+00:00,149.4,11,bid,,,12356939
2026-07-08T15:06:57.146651,2026-07-08T15:06:57.158553+00:00,149.2,50,ask,,,12356951
2026-07-08T15:06:58.245341,2026-07-08T15:06:58.252273+00:00,149.4,40,bid,,,12356969
2026-07-08T15:06:58.765645,2026-07-08T15:06:58.777643+00:00,149.2,48,ask,,,12356976
2026-07-08T15:06:59.244068,2026-07-08T15:06:59.255253+00:00,149.4,41,bid,,,12356984
2026-07-08T15:06:59.256344,2026-07-08T15:06:59.265385+00:00,149.2,2,ask,,,12356985
2026-07-08T15:06:59.256344,2026-07-08T15:06:59.265385+00:00,149.0,8,ask,,,12356986
2026-07-08T15:06:59.256344,2026-07-08T15:06:59.265385+00:00,148.9,40,ask,,,12356987
2026-07-08T15:06:59.814455,2026-07-08T15:06:59.824871+00:00,149.2,48,bid,,,12356998
2026-07-08T15:06:59.869211,2026-07-08T15:06:59.879170+00:00,148.9,48,ask,,,12357001
2026-07-08T15:07:00.359574,2026-07-08T15:07:00.368217+00:00,149.2,12,bid,,,12357020
2026-07-08T15:07:01.363858,2026-07-08T15:07:01.375542+00:00,148.9,50,ask,,,12357032
2026-07-08T15:07:02.312303,2026-07-08T15:07:02.322759+00:00,149.2,40,bid,,,12357046
2026-07-08T15:07:02.312303,2026-07-08T15:07:02.322759+00:00,149.3,8,bid,,,12357047
2026-07-08T15:07:02.312303,2026-07-08T15:07:02.322759+00:00,149.4,1,bid,,,12357048
2026-07-08T15:07:02.369920,2026-07-08T15:07:02.381654+00:00,148.9,40,ask,,,12357049
2026-07-08T15:07:03.073373,2026-07-08T15:07:03.097769+00:00,149.2,100,ask,,,12357059
2026-07-08T15:07:03.088208,2026-07-08T15:07:03.097769+00:00,149.0,14,bid,,,12357060
2026-07-08T15:07:03.148111,2026-07-08T15:07:03.155704+00:00,149.0,20,bid,,,12357063
2026-07-08T15:07:03.157438,2026-07-08T15:07:03.166186+00:00,149.0,16,bid,,,12357065
2026-07-08T15:07:04.085367,2026-07-08T15:07:04.101133+00:00,149.3,8,bid,,,12357074
2026-07-08T15:07:04.765482,2026-07-08T15:07:04.776753+00:00,148.8,8,ask,,,12357090
2026-07-08T15:07:04.765482,2026-07-08T15:07:04.776753+00:00,148.5,33,ask,,,12357091
2026-07-08T15:07:05.368998,2026-07-08T15:07:05.379763+00:00,149.3,8,bid,,,12357103
2026-07-08T15:07:05.368998,2026-07-08T15:07:05.379763+00:00,149.7,37,bid,,,12357104
2026-07-08T15:07:05.561403,2026-07-08T15:07:05.567258+00:00,149.3,3,bid,,,12357110
2026-07-08T15:07:05.643147,2026-07-08T15:07:05.650138+00:00,149.3,5,bid,,,12357112
2026-07-08T15:07:06.085788,2026-07-08T15:07:06.090117+00:00,149.2,3,ask,,,12357118
2026-07-08T15:07:07.435700,2026-07-08T15:07:07.447266+00:00,149.2,43,ask,,,12357132
2026-07-08T15:07:07.705886,2026-07-08T15:07:07.717999+00:00,149.2,50,ask,,,12357134
2026-07-08T15:07:08.654370,2026-07-08T15:07:08.658586+00:00,149.6,8,bid,,,12357149
2026-07-08T15:07:08.654370,2026-07-08T15:07:08.658586+00:00,149.7,38,bid,,,12357150
2026-07-08T15:07:09.813740,2026-07-08T15:07:09.820974+00:00,149.3,50,ask,,,12357164
2026-07-08T15:07:10.728743,2026-07-08T15:07:10.740460+00:00,149.6,47,bid,,,12357180
2026-07-08T15:07:11.226437,2026-07-08T15:07:11.238448+00:00,149.3,49,ask,,,12357190
2026-07-08T15:07:11.919581,2026-07-08T15:07:11.930336+00:00,149.3,50,ask,,,12357201
2026-07-08T15:07:12.408760,2026-07-08T15:07:12.418617+00:00,149.7,8,bid,,,12357215
2026-07-08T15:07:12.561268,2026-07-08T15:07:12.568697+00:00,149.5,100,ask,,,12357217
2026-07-08T15:07:12.561268,2026-07-08T15:07:12.574222+00:00,149.5,8,ask,,,12357218
2026-07-08T15:07:12.648847,2026-07-08T15:07:12.655403+00:00,149.4,20,bid,,,12357224
2026-07-08T15:07:12.657767,2026-07-08T15:07:12.665856+00:00,149.4,20,bid,,,12357226
2026-07-08T15:07:12.666513,2026-07-08T15:07:12.676244+00:00,149.4,2,bid,,,12357228
2026-07-08T15:07:13.658317,2026-07-08T15:07:13.670055+00:00,149.7,8,bid,,,12357239
2026-07-08T15:07:14.027530,2026-07-08T15:07:14.039113+00:00,149.2,8,ask,,,12357250
2026-07-08T15:07:14.027530,2026-07-08T15:07:14.039113+00:00,148.9,42,ask,,,12357251
2026-07-08T15:07:14.288355,2026-07-08T15:07:14.299853+00:00,149.7,8,bid,,,12357254
2026-07-08T15:07:14.548760,2026-07-08T15:07:14.560127+00:00,149.7,8,bid,,,12357263
2026-07-08T15:07:16.141002,2026-07-08T15:07:16.151349+00:00,149.5,50,ask,,,12357279
2026-07-08T15:07:18.056376,2026-07-08T15:07:18.068231+00:00,149.5,42,ask,,,12357311
2026-07-08T15:07:18.246274,2026-07-08T15:07:18.258559+00:00,149.5,50,ask,,,12357318
2026-07-08T15:07:18.902216,2026-07-08T15:07:18.912542+00:00,149.6,3,bid,,,12357335
2026-07-08T15:07:18.947235,2026-07-08T15:07:18.958588+00:00,149.6,20,bid,,,12357338
2026-07-08T15:07:19.041508,2026-07-08T15:07:19.053307+00:00,149.6,20,bid,,,12357342
2026-07-08T15:07:19.052349,2026-07-08T15:07:19.063764+00:00,149.6,20,bid,,,12357344
2026-07-08T15:07:19.061235,2026-07-08T15:07:19.068978+00:00,149.6,20,bid,,,12357346
2026-07-08T15:07:19.069964,2026-07-08T15:07:19.079276+00:00,149.6,20,bid,,,12357348
2026-07-08T15:07:19.146712,2026-07-08T15:07:19.153762+00:00,149.6,9,bid,,,12357350
2026-07-08T15:07:20.353629,2026-07-08T15:07:20.365451+00:00,149.4,50,ask,,,12357369
2026-07-08T15:07:21.862806,2026-07-08T15:07:21.869949+00:00,149.6,4,bid,,,12357410
2026-07-08T15:07:22.460934,2026-07-08T15:07:22.472587+00:00,149.4,50,ask,,,12357415
2026-07-08T15:07:24.397653,2026-07-08T15:07:24.405894+00:00,149.4,42,ask,,,12357446
2026-07-08T15:07:24.569384,2026-07-08T15:07:24.577110+00:00,149.4,50,ask,,,12357447
2026-07-08T15:07:25.214888,2026-07-08T15:07:25.236677+00:00,149.5,8,ask,,,12357456
2026-07-08T15:07:25.226713,2026-07-08T15:07:25.236677+00:00,149.2,23,bid,,,12357457
2026-07-08T15:07:25.291318,2026-07-08T15:07:25.314572+00:00,149.2,23,bid,,,12357461
2026-07-08T15:07:26.676108,2026-07-08T15:07:26.685134+00:00,149.1,50,ask,,,12357488
2026-07-08T15:07:28.783994,2026-07-08T15:07:28.790362+00:00,149.1,50,ask,,,12357521
2026-07-08T15:07:30.889258,2026-07-08T15:07:30.901216+00:00,149.1,50,ask,,,12357554
2026-07-08T15:07:33.001520,2026-07-08T15:07:33.009861+00:00,149.2,50,ask,,,12357591
2026-07-08T15:07:33.460999,2026-07-08T15:07:33.469746+00:00,149.4,44,bid,,,12357615
2026-07-08T15:07:35.106864,2026-07-08T15:07:35.118463+00:00,149.3,8,ask,,,12357638
2026-07-08T15:07:35.106864,2026-07-08T15:07:35.118463+00:00,149.2,42,ask,,,12357639
2026-07-08T15:07:37.214811,2026-07-08T15:07:37.221808+00:00,149.2,50,ask,,,12357672
2026-07-08T15:07:37.298968,2026-07-08T15:07:37.306764+00:00,149.6,49,bid,,,12357676
2026-07-08T15:07:38.313829,2026-07-08T15:07:38.321568+00:00,149.4,40,bid,,,12357690
2026-07-08T15:07:38.424644,2026-07-08T15:07:38.433688+00:00,149.4,11,bid,,,12357697
2026-07-08T15:07:39.322852,2026-07-08T15:07:39.332279+00:00,149.3,50,ask,,,12357713
2026-07-08T15:07:41.430996,2026-07-08T15:07:41.441133+00:00,149.3,8,ask,,,12357759
2026-07-08T15:07:41.430996,2026-07-08T15:07:41.441133+00:00,149.2,42,ask,,,12357760
2026-07-08T15:07:43.539070,2026-07-08T15:07:43.546580+00:00,149.2,50,ask,,,12357797
2026-07-08T15:07:43.799592,2026-07-08T15:07:43.808178+00:00,149.3,8,ask,,,12357805
2026-07-08T15:07:44.218472,2026-07-08T15:07:44.229189+00:00,149.1,8,bid,,,12357813
2026-07-08T15:07:45.593664,2026-07-08T15:07:45.605444+00:00,149.1,50,bid,,,12357828
2026-07-08T15:07:45.720312,2026-07-08T15:07:45.732492+00:00,148.9,45,ask,,,12357829
2026-07-08T15:07:47.247475,2026-07-08T15:07:47.263631+00:00,149.1,47,bid,,,12357854
2026-07-08T15:07:47.702240,2026-07-08T15:07:47.710261+00:00,149.3,50,bid,,,12357860
2026-07-08T15:07:48.927940,2026-07-08T15:07:48.935732+00:00,149.0,11,ask,,,12357887
2026-07-08T15:07:49.270806,2026-07-08T15:07:49.282673+00:00,149.0,45,ask,,,12357893
2026-07-08T15:07:49.809290,2026-07-08T15:07:49.816222+00:00,149.3,50,bid,,,12357903
2026-07-08T15:07:50.715834,2026-07-08T15:07:50.727333+00:00,149.1,46,bid,,,12357915
2026-07-08T15:07:51.915431,2026-07-08T15:07:51.925090+00:00,149.1,50,bid,,,12357928
2026-07-08T15:07:52.308296,2026-07-08T15:07:52.318175+00:00,148.9,40,ask,,,12357937
2026-07-08T15:07:53.803285,2026-07-08T15:07:53.814977+00:00,149.3,45,bid,,,12357965
2026-07-08T15:07:54.023276,2026-07-08T15:07:54.035008+00:00,149.3,50,bid,,,12357966
2026-07-08T15:07:56.212454,2026-07-08T15:07:56.224160+00:00,149.0,50,ask,,,12358000
2026-07-08T15:07:57.135066,2026-07-08T15:07:57.143233+00:00,149.1,46,ask,,,12358011
2026-07-08T15:07:58.268109,2026-07-08T15:07:58.279857+00:00,149.4,50,bid,,,12358031
2026-07-08T15:08:00.672205,2026-07-08T15:08:00.683765+00:00,149.5,47,bid,,,12358068
2026-07-08T15:08:02.040407,2026-07-08T15:08:02.049317+00:00,149.1,12,ask,,,12358092
2026-07-08T15:08:02.569730,2026-07-08T15:08:02.581679+00:00,149.1,50,ask,,,12358101
2026-07-08T15:08:03.195517,2026-07-08T15:08:03.207150+00:00,149.1,8,ask,,,12358110
2026-07-08T15:08:04.113450,2026-07-08T15:08:04.121784+00:00,149.0,12,bid,,,12358134
2026-07-08T15:08:06.193261,2026-07-08T15:08:06.205308+00:00,149.0,100,bid,,,12358173
2026-07-08T15:08:06.307289,2026-07-08T15:08:06.318998+00:00,149.1,8,bid,,,12358174
2026-07-08T15:08:06.320282,2026-07-08T15:08:06.330504+00:00,149.2,12,ask,,,12358175
2026-07-08T15:08:08.868521,2026-07-08T15:08:08.879432+00:00,149.5,50,bid,,,12358210
2026-07-08T15:08:09.048276,2026-07-08T15:08:09.056742+00:00,149.2,43,ask,,,12358219
2026-07-08T15:08:10.974771,2026-07-08T15:08:10.986682+00:00,149.5,50,bid,,,12358251
2026-07-08T15:08:11.313063,2026-07-08T15:08:11.324681+00:00,149.1,40,ask,,,12358259
2026-07-08T15:08:12.841892,2026-07-08T15:08:12.853634+00:00,149.3,44,bid,,,12358280
2026-07-08T15:08:13.081083,2026-07-08T15:08:13.089728+00:00,149.3,50,bid,,,12358283
2026-07-08T15:08:13.329895,2026-07-08T15:08:13.339127+00:00,149.0,8,ask,,,12358294
2026-07-08T15:08:13.659751,2026-07-08T15:08:13.668433+00:00,149.0,3,ask,,,12358302
2026-07-08T15:08:15.067004,2026-07-08T15:08:15.074745+00:00,149.0,46,ask,,,12358340
2026-07-08T15:08:15.239251,2026-07-08T15:08:15.268713+00:00,149.0,50,ask,,,12358343
2026-07-08T15:08:15.861327,2026-07-08T15:08:15.872843+00:00,149.2,100,ask,,,12358352
2026-07-08T15:08:15.861327,2026-07-08T15:08:15.872843+00:00,148.9,8,ask,,,12358353
2026-07-08T15:08:15.874112,2026-07-08T15:08:15.883219+00:00,148.7,34,bid,,,12358354
2026-07-08T15:08:16.262582,2026-07-08T15:08:16.274340+00:00,148.7,8,bid,,,12358359
2026-07-08T15:08:16.262582,2026-07-08T15:08:16.274340+00:00,148.7,8,bid,,,12358360
2026-07-08T15:08:16.262582,2026-07-08T15:08:16.274340+00:00,149.7,25,bid,,,12358361
2026-07-08T15:08:16.906229,2026-07-08T15:08:16.912789+00:00,149.2,8,bid,,,12358384
2026-07-08T15:08:17.296012,2026-07-08T15:08:17.307570+00:00,149.2,8,bid,,,12358389
2026-07-08T15:08:17.296012,2026-07-08T15:08:17.307570+00:00,149.7,42,bid,,,12358390
2026-07-08T15:08:17.497347,2026-07-08T15:08:17.506684+00:00,148.7,8,ask,,,12358396
2026-07-08T15:08:18.628817,2026-07-08T15:08:18.636973+00:00,148.7,8,ask,,,12358408
2026-07-08T15:08:18.872785,2026-07-08T15:08:18.882289+00:00,148.9,11,ask,,,12358409
2026-07-08T15:08:19.163243,2026-07-08T15:08:19.174588+00:00,149.1,44,bid,,,12358418
2026-07-08T15:08:19.402665,2026-07-08T15:08:19.413169+00:00,149.1,50,bid,,,12358423
2026-07-08T15:08:22.026231,2026-07-08T15:08:22.037739+00:00,149.1,56,bid,,,12358467
2026-07-08T15:08:22.144810,2026-07-08T15:08:22.188876+00:00,149.5,46,ask,,,12358473
2026-07-08T15:08:22.279515,2026-07-08T15:08:22.287677+00:00,149.5,3,ask,,,12358481
2026-07-08T15:08:23.626417,2026-07-08T15:08:23.636117+00:00,149.6,50,bid,,,12358501
2026-07-08T15:08:25.763012,2026-07-08T15:08:25.774469+00:00,149.3,41,ask,,,12358537
2026-07-08T15:08:25.786405,2026-07-08T15:08:25.795643+00:00,149.3,50,ask,,,12358540
2026-07-08T15:08:27.841813,2026-07-08T15:08:27.849749+00:00,149.6,50,bid,,,12358570
2026-07-08T15:08:28.897958,2026-07-08T15:08:28.905792+00:00,149.2,49,ask,,,12358592
2026-07-08T15:08:29.386842,2026-07-08T15:08:29.398318+00:00,149.4,41,bid,,,12358599
2026-07-08T15:08:29.948534,2026-07-08T15:08:29.954892+00:00,149.4,50,bid,,,12358610
2026-07-08T15:08:30.013681,2026-07-08T15:08:30.023393+00:00,149.2,43,ask,,,12358613
2026-07-08T15:08:31.121502,2026-07-08T15:08:31.129565+00:00,149.4,40,bid,,,12358632
2026-07-08T15:08:31.622581,2026-07-08T15:08:31.634177+00:00,149.3,100,bid,,,12358645
2026-07-08T15:08:31.644451,2026-07-08T15:08:31.658561+00:00,149.3,41,ask,,,12358646
2026-07-08T15:08:32.058701,2026-07-08T15:08:32.070363+00:00,149.8,50,bid,,,12358653
2026-07-08T15:08:32.784072,2026-07-08T15:08:32.790651+00:00,149.3,9,ask,,,12358670
2026-07-08T15:08:32.784072,2026-07-08T15:08:32.795815+00:00,149.2,8,ask,,,12358671
2026-07-08T15:08:34.175764,2026-07-08T15:08:34.187848+00:00,149.5,8,bid,,,12358689
2026-07-08T15:08:34.175764,2026-07-08T15:08:34.187848+00:00,149.8,42,bid,,,12358690
2026-07-08T15:08:36.284134,2026-07-08T15:08:36.296097+00:00,149.4,50,bid,,,12358715
2026-07-08T15:08:40.494850,2026-07-08T15:08:40.505112+00:00,149.2,50,bid,,,12358781
2026-07-08T15:08:40.666264,2026-07-08T15:08:40.677688+00:00,149.2,46,bid,,,12358786
2026-07-08T15:08:42.603695,2026-07-08T15:08:42.615579+00:00,149.5,50,bid,,,12358822
2026-07-08T15:08:44.267874,2026-07-08T15:08:44.277672+00:00,149.3,46,ask,,,12358845
2026-07-08T15:08:44.717890,2026-07-08T15:08:44.725506+00:00,149.7,8,bid,,,12358861
2026-07-08T15:08:44.717890,2026-07-08T15:08:44.730542+00:00,149.8,42,bid,,,12358862
2026-07-08T15:08:44.920467,2026-07-08T15:08:44.932150+00:00,149.8,44,bid,,,12358871
2026-07-08T15:08:46.620669,2026-07-08T15:08:46.629420+00:00,149.3,45,ask,,,12358896
2026-07-08T15:08:46.828518,2026-07-08T15:08:46.840126+00:00,149.8,14,bid,,,12358903
2026-07-08T15:08:46.828518,2026-07-08T15:08:46.840126+00:00,149.8,36,bid,,,12358904
2026-07-08T15:08:48.178138,2026-07-08T15:08:48.189587+00:00,149.4,42,ask,,,12358919
2026-07-08T15:08:49.287163,2026-07-08T15:08:49.297992+00:00,149.4,3,ask,,,12358938
2026-07-08T15:08:49.341289,2026-07-08T15:08:49.353131+00:00,149.4,20,ask,,,12358940
2026-07-08T15:08:49.351684,2026-07-08T15:08:49.358135+00:00,149.4,20,ask,,,12358942
2026-07-08T15:08:49.360689,2026-07-08T15:08:49.368496+00:00,149.4,20,ask,,,12358944
2026-07-08T15:08:49.369691,2026-07-08T15:08:49.379068+00:00,149.4,20,ask,,,12358946
2026-07-08T15:08:49.378569,2026-07-08T15:08:49.389480+00:00,149.4,20,ask,,,12358948
2026-07-08T15:08:49.387000,2026-07-08T15:08:49.394476+00:00,149.4,5,ask,,,12358950
2026-07-08T15:08:49.397056,2026-07-08T15:08:49.405136+00:00,149.3,8,ask,,,12358953
2026-07-08T15:08:49.829348,2026-07-08T15:08:49.841416+00:00,149.7,47,bid,,,12358962
2026-07-08T15:08:50.664423,2026-07-08T15:08:50.674931+00:00,149.3,100,ask,,,12358976
2026-07-08T15:08:50.664423,2026-07-08T15:08:50.674931+00:00,149.2,8,ask,,,12358977
2026-07-08T15:08:50.676439,2026-07-08T15:08:50.685015+00:00,149.2,3,bid,,,12358979
2026-07-08T15:08:51.955703,2026-07-08T15:08:51.958545+00:00,149.2,20,bid,,,12358997
2026-07-08T15:08:51.965651,2026-07-08T15:08:51.976859+00:00,149.2,19,bid,,,12358999
2026-07-08T15:08:51.965651,2026-07-08T15:08:51.976859+00:00,149.2,1,bid,,,12359000
2026-07-08T15:08:51.975060,2026-07-08T15:08:51.982296+00:00,149.2,7,bid,,,12359002
2026-07-08T15:08:51.975060,2026-07-08T15:08:51.987306+00:00,149.8,36,bid,,,12359003
2026-07-08T15:08:52.975111,2026-07-08T15:08:52.987013+00:00,148.9,8,ask,,,12359016
2026-07-08T15:08:52.975111,2026-07-08T15:08:52.987013+00:00,148.7,35,ask,,,12359017
2026-07-08T15:08:53.200493,2026-07-08T15:08:53.209271+00:00,148.9,8,ask,,,12359022
2026-07-08T15:08:53.200493,2026-07-08T15:08:53.209271+00:00,148.7,42,ask,,,12359023
2026-07-08T15:08:55.313915,2026-07-08T15:08:55.323566+00:00,149.2,50,ask,,,12359054
2026-07-08T15:08:55.975334,2026-07-08T15:08:55.982124+00:00,149.6,47,bid,,,12359072
2026-07-08T15:08:59.058839,2026-07-08T15:08:59.070327+00:00,149.3,49,ask,,,12359117
2026-07-08T15:08:59.535041,2026-07-08T15:08:59.546536+00:00,149.3,50,ask,,,12359128
2026-07-08T15:09:00.246519,2026-07-08T15:09:00.252083+00:00,149.3,20,bid,,,12359135
2026-07-08T15:09:00.255512,2026-07-08T15:09:00.252083+00:00,149.3,20,bid,,,12359137
2026-07-08T15:09:00.265490,2026-07-08T15:09:00.276752+00:00,149.3,20,bid,,,12359140
2026-07-08T15:09:00.273907,2026-07-08T15:09:00.282017+00:00,149.3,13,bid,,,12359142
2026-07-08T15:09:03.137484,2026-07-08T15:09:03.148456+00:00,149.3,41,bid,,,12359178
2026-07-08T15:09:03.697839,2026-07-08T15:09:03.710425+00:00,149.6,8,bid,,,12359189
2026-07-08T15:09:03.697839,2026-07-08T15:09:03.715791+00:00,149.7,42,bid,,,12359190
2026-07-08T15:09:04.244570,2026-07-08T15:09:04.258587+00:00,149.3,40,ask,,,12359205
2026-07-08T15:09:05.193355,2026-07-08T15:09:05.204595+00:00,149.3,43,ask,,,12359222
2026-07-08T15:09:05.807790,2026-07-08T15:09:05.814835+00:00,149.6,8,bid,,,12359233
2026-07-08T15:09:05.807790,2026-07-08T15:09:05.820009+00:00,149.7,42,bid,,,12359234
2026-07-08T15:09:06.477074,2026-07-08T15:09:06.488992+00:00,149.5,100,ask,,,12359248
2026-07-08T15:09:06.477074,2026-07-08T15:09:06.488992+00:00,149.3,8,ask,,,12359249
2026-07-08T15:09:07.283631,2026-07-08T15:09:07.292036+00:00,149.3,8,bid,,,12359258
2026-07-08T15:09:07.626256,2026-07-08T15:09:07.643202+00:00,149.3,6,bid,,,12359262
2026-07-08T15:09:07.916034,2026-07-08T15:09:07.927999+00:00,149.3,28,bid,,,12359269
2026-07-08T15:09:07.916034,2026-07-08T15:09:07.927999+00:00,149.3,8,bid,,,12359270
2026-07-08T15:09:07.916034,2026-07-08T15:09:07.927999+00:00,150.0,14,bid,,,12359271
2026-07-08T15:09:09.587820,2026-07-08T15:09:09.605906+00:00,149.6,8,bid,,,12359304
2026-07-08T15:09:09.596833,2026-07-08T15:09:09.605906+00:00,149.9,14,ask,,,12359305
2026-07-08T15:09:09.708526,2026-07-08T15:09:09.720082+00:00,150.0,43,bid,,,12359308
2026-07-08T15:09:10.040516,2026-07-08T15:09:10.056642+00:00,150.0,50,bid,,,12359311
2026-07-08T15:09:10.278640,2026-07-08T15:09:10.288125+00:00,149.9,14,ask,,,12359323
2026-07-08T15:09:10.346457,2026-07-08T15:09:10.358156+00:00,149.9,20,ask,,,12359326
2026-07-08T15:09:10.357071,2026-07-08T15:09:10.368550+00:00,149.9,20,ask,,,12359328
2026-07-08T15:09:10.367538,2026-07-08T15:09:10.379014+00:00,149.9,20,ask,,,12359330
2026-07-08T15:09:10.379049,2026-07-08T15:09:10.389461+00:00,149.9,20,ask,,,12359332
2026-07-08T15:09:10.389127,2026-07-08T15:09:10.399955+00:00,149.9,20,ask,,,12359334
2026-07-08T15:09:10.440951,2026-07-08T15:09:10.452820+00:00,149.9,14,ask,,,12359336
2026-07-08T15:09:10.452585,2026-07-08T15:09:10.463086+00:00,149.7,6,ask,,,12359338
2026-07-08T15:09:12.200485,2026-07-08T15:09:12.212219+00:00,149.5,50,ask,,,12359361
2026-07-08T15:09:12.816005,2026-07-08T15:09:12.827172+00:00,149.7,14,bid,,,12359375
2026-07-08T15:09:13.911540,2026-07-08T15:09:13.923147+00:00,149.6,45,ask,,,12359389
2026-07-08T15:09:14.292548,2026-07-08T15:09:14.303940+00:00,149.7,20,bid,,,12359397
2026-07-08T15:09:14.300670,2026-07-08T15:09:14.309188+00:00,149.7,20,bid,,,12359399
2026-07-08T15:09:14.307951,2026-07-08T15:09:14.319745+00:00,149.6,50,ask,,,12359401
2026-07-08T15:09:14.314859,2026-07-08T15:09:14.324733+00:00,149.7,20,bid,,,12359402
2026-07-08T15:09:14.325661,2026-07-08T15:09:14.335476+00:00,149.7,20,bid,,,12359404
2026-07-08T15:09:14.353886,2026-07-08T15:09:14.369269+00:00,149.7,20,bid,,,12359410
2026-07-08T15:09:14.363668,2026-07-08T15:09:14.374272+00:00,149.7,20,bid,,,12359412
2026-07-08T15:09:14.390555,2026-07-08T15:09:14.402060+00:00,149.7,16,bid,,,12359413
2026-07-08T15:09:14.390555,2026-07-08T15:09:14.402060+00:00,149.9,8,bid,,,12359414
2026-07-08T15:09:14.390555,2026-07-08T15:09:14.402060+00:00,150.1,25,bid,,,12359415
2026-07-08T15:09:15.911531,2026-07-08T15:09:15.919145+00:00,149.9,100,bid,,,12359437
2026-07-08T15:09:15.911531,2026-07-08T15:09:15.924301+00:00,149.9,8,bid,,,12359438
2026-07-08T15:09:16.414114,2026-07-08T15:09:16.425753+00:00,149.9,42,ask,,,12359444
2026-07-08T15:09:16.414114,2026-07-08T15:09:16.425753+00:00,149.8,8,ask,,,12359445
2026-07-08T15:09:17.624603,2026-07-08T15:09:17.636169+00:00,149.6,8,ask,,,12359462
2026-07-08T15:09:18.529220,2026-07-08T15:09:18.541575+00:00,149.4,50,ask,,,12359474
2026-07-08T15:09:19.464011,2026-07-08T15:09:19.475100+00:00,149.9,46,bid,,,12359494
2026-07-08T15:09:20.652273,2026-07-08T15:09:20.664482+00:00,149.7,50,ask,,,12359512
2026-07-08T15:09:21.912647,2026-07-08T15:09:21.920471+00:00,149.7,48,ask,,,12359535
2026-07-08T15:09:22.761207,2026-07-08T15:09:22.770580+00:00,149.7,50,ask,,,12359547
2026-07-08T15:09:23.101732,2026-07-08T15:09:23.113532+00:00,150.0,41,bid,,,12359553
2026-07-08T15:09:24.638657,2026-07-08T15:09:24.658607+00:00,149.7,49,ask,,,12359580
2026-07-08T15:09:24.867224,2026-07-08T15:09:24.875438+00:00,149.7,50,ask,,,12359589
2026-07-08T15:09:25.463790,2026-07-08T15:09:25.475362+00:00,149.7,100,ask,,,12359599
2026-07-08T15:09:25.463790,2026-07-08T15:09:25.475362+00:00,149.7,8,ask,,,12359600
2026-07-08T15:09:25.476711,2026-07-08T15:09:25.485490+00:00,149.6,14,bid,,,12359601
2026-07-08T15:09:26.921250,2026-07-08T15:09:26.932829+00:00,149.6,28,bid,,,12359620
2026-07-08T15:09:26.921250,2026-07-08T15:09:26.932829+00:00,149.6,8,bid,,,12359621
2026-07-08T15:09:29.110559,2026-07-08T15:09:29.122097+00:00,149.7,50,ask,,,12359658
2026-07-08T15:09:29.420992,2026-07-08T15:09:29.430795+00:00,149.7,11,ask,,,12359666
2026-07-08T15:09:31.218973,2026-07-08T15:09:31.230662+00:00,149.7,50,ask,,,12359696
2026-07-08T15:09:31.794713,2026-07-08T15:09:31.801481+00:00,149.7,8,ask,,,12359714
2026-07-08T15:09:32.455060,2026-07-08T15:09:32.463813+00:00,149.7,41,bid,,,12359720
2026-07-08T15:09:32.615021,2026-07-08T15:09:32.624091+00:00,149.7,11,bid,,,12359729
2026-07-08T15:09:33.326848,2026-07-08T15:09:33.335033+00:00,149.3,50,ask,,,12359733
2026-07-08T15:09:35.684536,2026-07-08T15:09:35.696309+00:00,149.5,44,ask,,,12359777
2026-07-08T15:09:37.486857,2026-07-08T15:09:37.498257+00:00,149.7,50,bid,,,12359814
2026-07-08T15:09:41.194431,2026-07-08T15:09:41.204412+00:00,149.4,8,ask,,,12359891
2026-07-08T15:09:41.436441,2026-07-08T15:09:41.443398+00:00,149.4,46,bid,,,12359893
2026-07-08T15:09:43.124097,2026-07-08T15:09:43.134024+00:00,149.3,8,bid,,,12359919
2026-07-08T15:09:43.194422,2026-07-08T15:09:43.203133+00:00,149.3,4,bid,,,12359923
2026-07-08T15:09:43.445407,2026-07-08T15:09:43.453358+00:00,149.3,4,bid,,,12359928
2026-07-08T15:09:43.861869,2026-07-08T15:09:43.873354+00:00,149.0,8,ask,,,12359934
2026-07-08T15:09:43.861869,2026-07-08T15:09:43.873354+00:00,148.9,42,ask,,,12359935
2026-07-08T15:09:44.380819,2026-07-08T15:09:44.392371+00:00,149.3,8,bid,,,12359942
2026-07-08T15:09:44.380819,2026-07-08T15:09:44.392371+00:00,149.7,36,bid,,,12359943
2026-07-08T15:09:45.970604,2026-07-08T15:09:45.982288+00:00,149.2,50,ask,,,12359971
2026-07-08T15:09:46.391281,2026-07-08T15:09:46.407482+00:00,149.2,16,ask,,,12359982
2026-07-08T15:09:48.075947,2026-07-08T15:09:48.087756+00:00,148.8,50,ask,,,12360008
2026-07-08T15:09:50.131994,2026-07-08T15:09:50.143658+00:00,149.2,8,bid,,,12360040
2026-07-08T15:09:50.131994,2026-07-08T15:09:50.143658+00:00,149.3,42,bid,,,12360041
2026-07-08T15:09:51.777641,2026-07-08T15:09:51.784530+00:00,148.7,49,ask,,,12360070
2026-07-08T15:09:52.241352,2026-07-08T15:09:52.253172+00:00,149.1,50,bid,,,12360078
2026-07-08T15:09:52.967016,2026-07-08T15:09:52.978345+00:00,149.1,41,bid,,,12360093
2026-07-08T15:09:54.402249,2026-07-08T15:09:54.413711+00:00,148.8,50,ask,,,12360109
2026-07-08T15:09:56.458978,2026-07-08T15:09:56.469046+00:00,148.9,50,bid,,,12360146
2026-07-08T15:09:56.944503,2026-07-08T15:09:56.963615+00:00,148.9,44,bid,,,12360159
2026-07-08T15:09:58.616387,2026-07-08T15:09:58.625028+00:00,148.7,50,ask,,,12360179
2026-07-08T15:10:00.672710,2026-07-08T15:10:00.684330+00:00,149.0,50,bid,,,12360219
2026-07-08T15:10:00.816766,2026-07-08T15:10:00.828501+00:00,148.6,42,ask,,,12360220
2026-07-08T15:10:02.210987,2026-07-08T15:10:02.219342+00:00,148.6,42,ask,,,12360254
2026-07-08T15:10:02.830603,2026-07-08T15:10:02.837916+00:00,148.6,16,ask,,,12360267
2026-07-08T15:10:02.830603,2026-07-08T15:10:02.842883+00:00,148.6,8,ask,,,12360268
2026-07-08T15:10:02.830603,2026-07-08T15:10:02.842883+00:00,148.5,26,ask,,,12360269
2026-07-08T15:10:03.356313,2026-07-08T15:10:03.368658+00:00,148.9,8,bid,,,12360279
2026-07-08T15:10:03.356313,2026-07-08T15:10:03.368658+00:00,149.0,33,bid,,,12360280
2026-07-08T15:10:03.866154,2026-07-08T15:10:03.877424+00:00,148.7,42,ask,,,12360286
2026-07-08T15:10:04.211921,2026-07-08T15:10:04.221672+00:00,148.8,12,bid,,,12360300
2026-07-08T15:10:04.589359,2026-07-08T15:10:04.601513+00:00,148.7,8,ask,,,12360307
2026-07-08T15:10:04.919576,2026-07-08T15:10:04.940440+00:00,148.7,4,ask,,,12360310
2026-07-08T15:10:05.246128,2026-07-08T15:10:05.252007+00:00,148.7,8,ask,,,12360319
2026-07-08T15:10:05.524616,2026-07-08T15:10:05.529550+00:00,148.8,8,bid,,,12360329
2026-07-08T15:10:06.215886,2026-07-08T15:10:06.223562+00:00,148.8,42,bid,,,12360348
2026-07-08T15:10:06.519404,2026-07-08T15:10:06.531286+00:00,148.7,88,ask,,,12360353
2026-07-08T15:10:06.519404,2026-07-08T15:10:06.531286+00:00,148.6,8,ask,,,12360354
2026-07-08T15:10:06.833673,2026-07-08T15:10:06.841917+00:00,148.2,23,bid,,,12360357
2026-07-08T15:10:06.850991,2026-07-08T15:10:06.858563+00:00,148.1,43,ask,,,12360359
2026-07-08T15:10:06.998376,2026-07-08T15:10:07.007273+00:00,148.2,50,bid,,,12360360
2026-07-08T15:10:07.374377,2026-07-08T15:10:07.386394+00:00,148.2,42,bid,,,12360364
2026-07-08T15:10:07.952298,2026-07-08T15:10:07.964260+00:00,148.2,35,bid,,,12360368
2026-07-08T15:10:07.952298,2026-07-08T15:10:07.964260+00:00,148.4,8,bid,,,12360369
2026-07-08T15:10:07.952298,2026-07-08T15:10:07.964260+00:00,148.6,4,bid,,,12360370
2026-07-08T15:10:09.653442,2026-07-08T15:10:09.658574+00:00,148.4,42,ask,,,12360412
2026-07-08T15:10:11.268800,2026-07-08T15:10:11.280421+00:00,148.5,50,ask,,,12360437
2026-07-08T15:10:13.375148,2026-07-08T15:10:13.385142+00:00,148.6,50,ask,,,12360471
2026-07-08T15:10:13.534415,2026-07-08T15:10:13.546066+00:00,149.0,48,bid,,,12360473
2026-07-08T15:10:15.483501,2026-07-08T15:10:15.495053+00:00,148.6,50,ask,,,12360495
2026-07-08T15:10:16.088579,2026-07-08T15:10:16.108833+00:00,148.9,11,ask,,,12360512
2026-07-08T15:10:16.135161,2026-07-08T15:10:16.145211+00:00,148.9,89,ask,,,12360516
2026-07-08T15:10:16.672649,2026-07-08T15:10:16.684847+00:00,148.4,46,ask,,,12360518
2026-07-08T15:10:17.141825,2026-07-08T15:10:17.153338+00:00,148.9,47,bid,,,12360521
2026-07-08T15:10:17.195698,2026-07-08T15:10:17.207447+00:00,148.4,47,ask,,,12360522
2026-07-08T15:10:17.588553,2026-07-08T15:10:17.600123+00:00,148.4,50,ask,,,12360531
2026-07-08T15:10:19.309613,2026-07-08T15:10:19.320069+00:00,148.7,11,bid,,,12360566
2026-07-08T15:10:19.710116,2026-07-08T15:10:19.718899+00:00,148.5,50,ask,,,12360570
2026-07-08T15:10:19.759113,2026-07-08T15:10:19.770669+00:00,148.7,41,bid,,,12360571
2026-07-08T15:10:21.816963,2026-07-08T15:10:21.828371+00:00,148.5,50,ask,,,12360615
2026-07-08T15:10:22.345589,2026-07-08T15:10:22.354048+00:00,148.6,12,bid,,,12360620
2026-07-08T15:10:23.328927,2026-07-08T15:10:23.342360+00:00,148.6,11,bid,,,12360643
2026-07-08T15:10:23.953403,2026-07-08T15:10:23.957537+00:00,148.4,50,ask,,,12360654
2026-07-08T15:10:25.659424,2026-07-08T15:10:25.671144+00:00,148.5,8,ask,,,12360683
2026-07-08T15:10:25.659424,2026-07-08T15:10:25.671144+00:00,148.3,40,ask,,,12360684
2026-07-08T15:10:26.060359,2026-07-08T15:10:26.066833+00:00,148.5,8,ask,,,12360693
2026-07-08T15:10:26.060359,2026-07-08T15:10:26.072274+00:00,148.3,42,ask,,,12360694
2026-07-08T15:10:28.177104,2026-07-08T15:10:28.190034+00:00,148.4,8,ask,,,12360724
2026-07-08T15:10:28.177104,2026-07-08T15:10:28.190034+00:00,148.3,18,ask,,,12360725
2026-07-08T15:10:28.177104,2026-07-08T15:10:28.190034+00:00,148.3,24,ask,,,12360726
2026-07-08T15:10:28.659657,2026-07-08T15:10:28.669212+00:00,148.6,11,bid,,,12360732
2026-07-08T15:10:28.750715,2026-07-08T15:10:28.789999+00:00,148.5,8,bid,,,12360735
2026-07-08T15:10:29.449034,2026-07-08T15:10:29.458441+00:00,148.6,4,bid,,,12360757
2026-07-08T15:10:30.285730,2026-07-08T15:10:30.297504+00:00,148.4,8,ask,,,12360766
2026-07-08T15:10:30.285730,2026-07-08T15:10:30.297504+00:00,148.3,42,ask,,,12360767
2026-07-08T15:10:30.506630,2026-07-08T15:10:30.516096+00:00,148.6,11,bid,,,12360771
2026-07-08T15:10:31.479425,2026-07-08T15:10:31.491136+00:00,148.6,40,bid,,,12360785
2026-07-08T15:10:32.425809,2026-07-08T15:10:32.432804+00:00,148.6,50,ask,,,12360803
2026-07-08T15:10:33.541883,2026-07-08T15:10:33.553352+00:00,148.8,48,bid,,,12360826
2026-07-08T15:10:34.481690,2026-07-08T15:10:34.489839+00:00,148.8,50,bid,,,12360846
2026-07-08T15:10:35.057379,2026-07-08T15:10:35.069133+00:00,149.0,8,bid,,,12360856
2026-07-08T15:10:35.506423,2026-07-08T15:10:35.515285+00:00,149.0,11,ask,,,12360860
2026-07-08T15:10:36.589978,2026-07-08T15:10:36.601531+00:00,149.1,50,bid,,,12360871
2026-07-08T15:10:38.704442,2026-07-08T15:10:38.714310+00:00,149.2,50,bid,,,12360904
2026-07-08T15:10:40.809821,2026-07-08T15:10:40.821465+00:00,149.2,50,bid,,,12360925
2026-07-08T15:10:41.551216,2026-07-08T15:10:41.560854+00:00,149.0,12,ask,,,12360941
2026-07-08T15:10:42.946453,2026-07-08T15:10:42.957909+00:00,149.3,50,bid,,,12360967
2026-07-08T15:10:43.594471,2026-07-08T15:10:43.606116+00:00,149.0,49,ask,,,12360979
2026-07-08T15:10:45.052316,2026-07-08T15:10:45.063705+00:00,149.3,50,bid,,,12360998
2026-07-08T15:10:45.157406,2026-07-08T15:10:45.168733+00:00,149.3,44,bid,,,12361000
2026-07-08T15:10:46.771203,2026-07-08T15:10:46.782802+00:00,149.0,43,ask,,,12361023
2026-07-08T15:10:47.159064,2026-07-08T15:10:47.170788+00:00,149.3,6,bid,,,12361027
2026-07-08T15:10:47.159064,2026-07-08T15:10:47.170788+00:00,149.4,8,bid,,,12361028
2026-07-08T15:10:47.159064,2026-07-08T15:10:47.170788+00:00,149.5,36,bid,,,12361029
2026-07-08T15:10:47.351528,2026-07-08T15:10:47.358589+00:00,149.1,8,ask,,,12361033
2026-07-08T15:10:47.351528,2026-07-08T15:10:47.358589+00:00,149.0,38,ask,,,12361034
2026-07-08T15:10:47.930046,2026-07-08T15:10:47.937538+00:00,149.5,45,bid,,,12361046
2026-07-08T15:10:47.984387,2026-07-08T15:10:47.992427+00:00,149.2,45,ask,,,12361048
2026-07-08T15:10:49.120173,2026-07-08T15:10:49.132119+00:00,149.5,49,bid,,,12361065
2026-07-08T15:10:49.269578,2026-07-08T15:10:49.281334+00:00,149.5,50,bid,,,12361067
2026-07-08T15:10:50.872021,2026-07-08T15:10:50.880643+00:00,149.5,8,bid,,,12361095
2026-07-08T15:10:50.881951,2026-07-08T15:10:50.895339+00:00,149.6,34,ask,,,12361097
2026-07-08T15:10:51.818483,2026-07-08T15:10:51.827955+00:00,149.6,49,ask,,,12361109
2026-07-08T15:10:52.423639,2026-07-08T15:10:52.433448+00:00,149.7,41,bid,,,12361116
2026-07-08T15:10:53.482405,2026-07-08T15:10:53.494139+00:00,149.7,50,bid,,,12361140
2026-07-08T15:10:55.590822,2026-07-08T15:10:55.602526+00:00,149.8,50,bid,,,12361183
2026-07-08T15:10:58.644411,2026-07-08T15:10:58.653074+00:00,149.7,40,ask,,,12361222
2026-07-08T15:10:59.860170,2026-07-08T15:10:59.872324+00:00,149.8,8,ask,,,12361236
2026-07-08T15:10:59.860170,2026-07-08T15:10:59.872324+00:00,149.7,42,ask,,,12361237
2026-07-08T15:11:01.680925,2026-07-08T15:11:01.691916+00:00,149.8,41,ask,,,12361264
2026-07-08T15:11:01.971752,2026-07-08T15:11:01.983391+00:00,149.8,50,ask,,,12361273
2026-07-08T15:11:02.879379,2026-07-08T15:11:02.890803+00:00,150.0,42,bid,,,12361287
2026-07-08T15:11:03.363672,2026-07-08T15:11:03.375116+00:00,150.0,8,bid,,,12361297
2026-07-08T15:11:03.363672,2026-07-08T15:11:03.375116+00:00,150.3,40,bid,,,12361298
2026-07-08T15:11:04.077981,2026-07-08T15:11:04.089549+00:00,149.9,50,ask,,,12361303
2026-07-08T15:11:04.462744,2026-07-08T15:11:04.474505+00:00,149.9,42,ask,,,12361312
2026-07-08T15:11:04.955582,2026-07-08T15:11:04.957997+00:00,150.1,41,bid,,,12361321
2026-07-08T15:11:05.009346,2026-07-08T15:11:05.021072+00:00,149.9,8,ask,,,12361323
2026-07-08T15:11:05.009346,2026-07-08T15:11:05.021072+00:00,149.8,8,ask,,,12361324
2026-07-08T15:11:05.009346,2026-07-08T15:11:05.021072+00:00,149.6,25,ask,,,12361325
2026-07-08T15:11:05.660258,2026-07-08T15:11:05.671939+00:00,150.0,8,bid,,,12361335
2026-07-08T15:11:05.660258,2026-07-08T15:11:05.671939+00:00,150.1,35,bid,,,12361336
2026-07-08T15:11:06.174243,2026-07-08T15:11:06.185582+00:00,149.6,45,ask,,,12361349
2026-07-08T15:11:06.184070,2026-07-08T15:11:06.190769+00:00,149.6,50,ask,,,12361350
2026-07-08T15:11:06.610117,2026-07-08T15:11:06.621779+00:00,149.6,30,ask,,,12361356
2026-07-08T15:11:06.610117,2026-07-08T15:11:06.621779+00:00,149.6,8,ask,,,12361357
2026-07-08T15:11:07.334997,2026-07-08T15:11:07.343372+00:00,149.6,12,bid,,,12361376
2026-07-08T15:11:08.239063,2026-07-08T15:11:08.250424+00:00,149.6,50,bid,,,12361395
2026-07-08T15:11:10.448922,2026-07-08T15:11:10.458606+00:00,149.5,41,ask,,,12361430
2026-07-08T15:11:11.023288,2026-07-08T15:11:11.025605+00:00,149.6,47,bid,,,12361437
2026-07-08T15:11:12.453814,2026-07-08T15:11:12.464780+00:00,149.6,50,bid,,,12361465
2026-07-08T15:11:13.016400,2026-07-08T15:11:13.027031+00:00,149.8,48,bid,,,12361480
2026-07-08T15:11:14.560213,2026-07-08T15:11:14.569359+00:00,149.8,50,bid,,,12361509
2026-07-08T15:11:14.634043,2026-07-08T15:11:14.642809+00:00,149.6,47,ask,,,12361510
2026-07-08T15:11:16.667799,2026-07-08T15:11:16.679346+00:00,150.1,50,bid,,,12361550
2026-07-08T15:11:17.643856,2026-07-08T15:11:17.655304+00:00,150.1,42,bid,,,12361565
2026-07-08T15:11:18.720239,2026-07-08T15:11:18.731992+00:00,149.8,40,ask,,,12361586
2026-07-08T15:11:18.824879,2026-07-08T15:11:18.836777+00:00,149.8,50,ask,,,12361587
2026-07-08T15:11:19.346165,2026-07-08T15:11:19.356902+00:00,150.1,100,bid,,,12361603
2026-07-08T15:11:20.384917,2026-07-08T15:11:20.392703+00:00,150.1,12,ask,,,12361614
2026-07-08T15:11:20.472451,2026-07-08T15:11:20.483150+00:00,150.1,11,ask,,,12361620
2026-07-08T15:11:22.560330,2026-07-08T15:11:22.568886+00:00,149.9,8,ask,,,12361663
2026-07-08T15:11:23.002193,2026-07-08T15:11:23.014028+00:00,149.9,50,bid,,,12361675
2026-07-08T15:11:24.666539,2026-07-08T15:11:24.676428+00:00,149.9,40,bid,,,12361696
2026-07-08T15:11:25.167336,2026-07-08T15:11:25.178904+00:00,149.7,50,ask,,,12361702
2026-07-08T15:11:25.230327,2026-07-08T15:11:25.239576+00:00,149.9,23,bid,,,12361706
2026-07-08T15:11:25.242445,2026-07-08T15:11:25.254858+00:00,149.7,42,ask,,,12361708
2026-07-08T15:11:25.670985,2026-07-08T15:11:25.682577+00:00,150.1,8,bid,,,12361716
2026-07-08T15:11:25.742940,2026-07-08T15:11:25.778021+00:00,150.1,23,ask,,,12361719
2026-07-08T15:11:27.275353,2026-07-08T15:11:27.287092+00:00,150.1,50,ask,,,12361750
2026-07-08T15:11:27.670244,2026-07-08T15:11:27.679110+00:00,150.1,12,ask,,,12361759
2026-07-08T15:11:28.304410,2026-07-08T15:11:28.312664+00:00,150.2,48,bid,,,12361770
2026-07-08T15:11:29.331078,2026-07-08T15:11:29.340487+00:00,150.1,50,bid,,,12361787
2026-07-08T15:11:30.207927,2026-07-08T15:11:30.216485+00:00,149.7,48,ask,,,12361803
2026-07-08T15:11:30.566599,2026-07-08T15:11:30.576709+00:00,150.1,12,bid,,,12361808
2026-07-08T15:11:31.199147,2026-07-08T15:11:31.205982+00:00,150.1,40,bid,,,12361813
2026-07-08T15:11:31.492467,2026-07-08T15:11:31.503997+00:00,149.7,50,ask,,,12361819
2026-07-08T15:11:31.725660,2026-07-08T15:11:31.737607+00:00,149.7,2,ask,,,12361823
2026-07-08T15:11:31.725660,2026-07-08T15:11:31.737607+00:00,149.6,43,ask,,,12361824
2026-07-08T15:11:31.947115,2026-07-08T15:11:31.956419+00:00,150.0,11,bid,,,12361825
2026-07-08T15:11:32.019605,2026-07-08T15:11:32.031170+00:00,150.0,89,bid,,,12361828
2026-07-08T15:11:33.393140,2026-07-08T15:11:33.402384+00:00,150.0,48,ask,,,12361853
2026-07-08T15:11:34.823495,2026-07-08T15:11:34.835325+00:00,150.5,40,bid,,,12361886
2026-07-08T15:11:35.684430,2026-07-08T15:11:35.692470+00:00,150.0,50,bid,,,12361893
2026-07-08T15:11:35.829546,2026-07-08T15:11:35.840969+00:00,149.8,47,ask,,,12361894
2026-07-08T15:11:36.359805,2026-07-08T15:11:36.369514+00:00,150.0,45,bid,,,12361902
2026-07-08T15:11:37.533514,2026-07-08T15:11:37.541806+00:00,150.0,23,bid,,,12361922
2026-07-08T15:11:37.790483,2026-07-08T15:11:37.799898+00:00,150.0,32,bid,,,12361929
2026-07-08T15:11:37.790483,2026-07-08T15:11:37.799898+00:00,150.2,8,bid,,,12361930
2026-07-08T15:11:38.347648,2026-07-08T15:11:38.354239+00:00,150.3,8,bid,,,12361935
2026-07-08T15:11:38.347648,2026-07-08T15:11:38.354239+00:00,150.3,100,bid,,,12361936
2026-07-08T15:11:38.417093,2026-07-08T15:11:38.426388+00:00,150.3,23,ask,,,12361938
2026-07-08T15:11:39.967246,2026-07-08T15:11:39.978964+00:00,150.3,19,ask,,,12361963
2026-07-08T15:11:39.967246,2026-07-08T15:11:39.978964+00:00,150.3,8,ask,,,12361964
2026-07-08T15:11:40.553795,2026-07-08T15:11:40.558574+00:00,150.5,8,bid,,,12361974
2026-07-08T15:11:40.553795,2026-07-08T15:11:40.558574+00:00,150.8,34,bid,,,12361975
2026-07-08T15:11:42.087150,2026-07-08T15:11:42.096221+00:00,150.4,50,ask,,,12361991
2026-07-08T15:11:44.193468,2026-07-08T15:11:44.205285+00:00,150.4,50,ask,,,12362024
2026-07-08T15:11:48.352238,2026-07-08T15:11:48.363861+00:00,150.8,50,bid,,,12362088
2026-07-08T15:11:50.459563,2026-07-08T15:11:50.466206+00:00,150.8,50,bid,,,12362124
2026-07-08T15:11:52.566009,2026-07-08T15:11:52.577727+00:00,150.8,50,bid,,,12362151
2026-07-08T15:11:52.992839,2026-07-08T15:11:53.002099+00:00,150.5,49,ask,,,12362155
2026-07-08T15:11:54.673191,2026-07-08T15:11:54.684907+00:00,151.0,50,bid,,,12362188
2026-07-08T15:11:56.129300,2026-07-08T15:11:56.141383+00:00,150.9,8,bid,,,12362205
2026-07-08T15:11:56.129300,2026-07-08T15:11:56.141383+00:00,151.0,34,bid,,,12362206
2026-07-08T15:11:56.781680,2026-07-08T15:11:56.793543+00:00,151.0,16,bid,,,12362214
2026-07-08T15:11:56.781680,2026-07-08T15:11:56.793543+00:00,151.0,8,bid,,,12362215
2026-07-08T15:11:56.781680,2026-07-08T15:11:56.793543+00:00,151.1,26,bid,,,12362216
2026-07-08T15:11:58.891542,2026-07-08T15:11:58.903591+00:00,151.2,8,bid,,,12362253
2026-07-08T15:11:58.891542,2026-07-08T15:11:58.903591+00:00,151.3,42,bid,,,12362254
2026-07-08T15:11:59.892728,2026-07-08T15:11:59.901003+00:00,150.9,8,ask,,,12362271
2026-07-08T15:12:00.002310,2026-07-08T15:12:00.011480+00:00,150.9,3,ask,,,12362273
2026-07-08T15:12:02.096521,2026-07-08T15:12:02.111410+00:00,150.9,44,ask,,,12362304
2026-07-08T15:12:03.297881,2026-07-08T15:12:03.305736+00:00,150.9,43,ask,,,12362332
2026-07-08T15:12:04.827285,2026-07-08T15:12:04.839045+00:00,151.1,8,bid,,,12362364
2026-07-08T15:12:04.827285,2026-07-08T15:12:04.839045+00:00,151.2,37,bid,,,12362365
2026-07-08T15:12:05.257808,2026-07-08T15:12:05.270713+00:00,150.7,50,ask,,,12362371
2026-07-08T15:12:05.393989,2026-07-08T15:12:05.405866+00:00,150.8,8,ask,,,12362374
2026-07-08T15:12:05.393989,2026-07-08T15:12:05.405866+00:00,150.7,38,ask,,,12362375
2026-07-08T15:12:07.313060,2026-07-08T15:12:07.324678+00:00,150.9,50,bid,,,12362406
2026-07-08T15:12:09.420233,2026-07-08T15:12:09.428460+00:00,150.9,50,bid,,,12362432
2026-07-08T15:12:11.955338,2026-07-08T15:12:11.966939+00:00,151.1,42,bid,,,12362467
2026-07-08T15:12:15.736905,2026-07-08T15:12:15.747228+00:00,151.2,50,bid,,,12362515
2026-07-08T15:12:16.979334,2026-07-08T15:12:16.989187+00:00,150.8,12,ask,,,12362535
2026-07-08T15:12:17.104702,2026-07-08T15:12:17.110999+00:00,150.8,47,ask,,,12362538
2026-07-08T15:12:17.846663,2026-07-08T15:12:17.858591+00:00,151.2,50,bid,,,12362544
2026-07-08T15:12:20.004827,2026-07-08T15:12:20.013898+00:00,151.0,50,ask,,,12362570
2026-07-08T15:12:22.113835,2026-07-08T15:12:22.121060+00:00,151.0,50,ask,,,12362591
2026-07-08T15:12:22.535228,2026-07-08T15:12:22.542813+00:00,151.3,8,bid,,,12362599
2026-07-08T15:12:22.535228,2026-07-08T15:12:22.548320+00:00,151.5,41,bid,,,12362600
2026-07-08T15:12:23.124730,2026-07-08T15:12:23.136705+00:00,151.2,8,bid,,,12362605
2026-07-08T15:12:23.124730,2026-07-08T15:12:23.136705+00:00,151.3,34,bid,,,12362606
2026-07-08T15:12:24.218602,2026-07-08T15:12:24.230306+00:00,150.9,8,ask,,,12362621
2026-07-08T15:12:24.218602,2026-07-08T15:12:24.230306+00:00,150.8,42,ask,,,12362622
2026-07-08T15:12:26.328470,2026-07-08T15:12:26.340393+00:00,150.9,8,ask,,,12362653
2026-07-08T15:12:26.328470,2026-07-08T15:12:26.340393+00:00,150.8,42,ask,,,12362654
2026-07-08T15:12:26.333467,2026-07-08T15:12:26.340393+00:00,150.8,40,ask,,,12362655
2026-07-08T15:12:28.140866,2026-07-08T15:12:28.168732+00:00,151.1,8,bid,,,12362686
2026-07-08T15:12:28.140866,2026-07-08T15:12:28.168732+00:00,151.2,40,bid,,,12362687
2026-07-08T15:12:28.386189,2026-07-08T15:12:28.398170+00:00,151.1,8,bid,,,12362689
2026-07-08T15:12:28.386189,2026-07-08T15:12:28.398170+00:00,151.2,42,bid,,,12362690
2026-07-08T15:12:29.063493,2026-07-08T15:12:29.071450+00:00,151.1,8,ask,,,12362700
2026-07-08T15:12:30.497336,2026-07-08T15:12:30.509143+00:00,151.1,50,bid,,,12362725
2026-07-08T15:12:32.190853,2026-07-08T15:12:32.199224+00:00,151.2,8,ask,,,12362753
2026-07-08T15:12:32.605315,2026-07-08T15:12:32.617029+00:00,151.2,50,bid,,,12362756
2026-07-08T15:12:32.998827,2026-07-08T15:12:33.006979+00:00,151.0,49,ask,,,12362764
2026-07-08T15:12:33.475523,2026-07-08T15:12:33.487020+00:00,151.2,46,bid,,,12362767
2026-07-08T15:12:34.054460,2026-07-08T15:12:34.064507+00:00,151.0,6,ask,,,12362778
2026-07-08T15:12:34.713591,2026-07-08T15:12:34.725166+00:00,151.2,50,bid,,,12362789
2026-07-08T15:12:35.337241,2026-07-08T15:12:35.343995+00:00,151.1,8,bid,,,12362803
2026-07-08T15:12:36.828506,2026-07-08T15:12:36.840322+00:00,151.4,50,bid,,,12362830
2026-07-08T15:12:38.992299,2026-07-08T15:12:39.003595+00:00,151.3,50,ask,,,12362854
2026-07-08T15:12:39.633641,2026-07-08T15:12:39.643451+00:00,151.3,44,ask,,,12362862
2026-07-08T15:12:42.341025,2026-07-08T15:12:42.348275+00:00,151.3,41,bid,,,12362901
2026-07-08T15:12:43.205413,2026-07-08T15:12:43.214203+00:00,151.0,8,ask,,,12362907
2026-07-08T15:12:43.205413,2026-07-08T15:12:43.214203+00:00,150.9,42,ask,,,12362908
2026-07-08T15:12:46.343940,2026-07-08T15:12:46.351929+00:00,151.2,48,ask,,,12362965
2026-07-08T15:12:46.931010,2026-07-08T15:12:46.942978+00:00,151.2,41,ask,,,12362973
2026-07-08T15:12:49.470297,2026-07-08T15:12:49.481731+00:00,151.5,50,bid,,,12363001
2026-07-08T15:12:54.003495,2026-07-08T15:12:54.012691+00:00,151.6,8,bid,,,12363070
2026-07-08T15:12:54.003495,2026-07-08T15:12:54.012691+00:00,151.7,39,bid,,,12363071
2026-07-08T15:12:54.060051,2026-07-08T15:12:54.071728+00:00,151.3,8,ask,,,12363072
2026-07-08T15:12:54.060051,2026-07-08T15:12:54.071728+00:00,151.2,35,ask,,,12363073
2026-07-08T15:12:55.028111,2026-07-08T15:12:55.039738+00:00,151.1,8,ask,,,12363088
2026-07-08T15:12:56.037710,2026-07-08T15:12:56.048412+00:00,151.4,8,bid,,,12363103
2026-07-08T15:12:56.037710,2026-07-08T15:12:56.048412+00:00,151.5,41,bid,,,12363104
2026-07-08T15:12:57.944673,2026-07-08T15:12:57.958564+00:00,151.3,8,ask,,,12363128
2026-07-08T15:12:57.944673,2026-07-08T15:12:57.958564+00:00,151.2,42,ask,,,12363129
2026-07-08T15:12:58.234219,2026-07-08T15:12:58.245501+00:00,151.5,8,bid,,,12363134
2026-07-08T15:12:58.293546,2026-07-08T15:12:58.300463+00:00,151.2,44,ask,,,12363136
2026-07-08T15:13:00.063446,2026-07-08T15:13:00.075748+00:00,151.3,8,ask,,,12363163
2026-07-08T15:13:00.063446,2026-07-08T15:13:00.075748+00:00,151.2,14,ask,,,12363164
2026-07-08T15:13:00.063446,2026-07-08T15:13:00.075748+00:00,151.1,28,ask,,,12363165
2026-07-08T15:13:00.233763,2026-07-08T15:13:00.251133+00:00,151.5,8,bid,,,12363167
2026-07-08T15:13:00.233763,2026-07-08T15:13:00.251133+00:00,151.6,33,bid,,,12363168
2026-07-08T15:13:01.918393,2026-07-08T15:13:01.930031+00:00,151.5,45,bid,,,12363203
2026-07-08T15:13:02.124628,2026-07-08T15:13:02.136673+00:00,151.5,50,bid,,,12363206
2026-07-08T15:13:04.232633,2026-07-08T15:13:04.243449+00:00,151.4,8,bid,,,12363242
2026-07-08T15:13:04.232633,2026-07-08T15:13:04.243449+00:00,151.5,42,bid,,,12363243
2026-07-08T15:13:04.466223,2026-07-08T15:13:04.479985+00:00,151.1,47,ask,,,12363249
2026-07-08T15:13:05.078100,2026-07-08T15:13:05.085711+00:00,151.4,8,bid,,,12363252
2026-07-08T15:13:06.344976,2026-07-08T15:13:06.355928+00:00,151.4,8,bid,,,12363275
2026-07-08T15:13:06.344976,2026-07-08T15:13:06.355928+00:00,151.5,42,bid,,,12363276
2026-07-08T15:13:06.967686,2026-07-08T15:13:06.976134+00:00,151.4,8,bid,,,12363284
2026-07-08T15:13:08.503036,2026-07-08T15:13:08.513886+00:00,151.4,50,ask,,,12363307
2026-07-08T15:13:10.609870,2026-07-08T15:13:10.621764+00:00,151.4,8,ask,,,12363346
2026-07-08T15:13:10.609870,2026-07-08T15:13:10.621764+00:00,151.3,42,ask,,,12363347
2026-07-08T15:13:12.529886,2026-07-08T15:13:12.536889+00:00,151.4,8,ask,,,12363382
2026-07-08T15:13:12.529886,2026-07-08T15:13:12.542290+00:00,151.3,41,ask,,,12363383
2026-07-08T15:13:12.721001,2026-07-08T15:13:12.732959+00:00,151.4,10,ask,,,12363387
2026-07-08T15:13:12.721001,2026-07-08T15:13:12.732959+00:00,151.4,8,ask,,,12363388
2026-07-08T15:13:12.721001,2026-07-08T15:13:12.732959+00:00,151.3,32,ask,,,12363389
2026-07-08T15:13:13.345237,2026-07-08T15:13:13.358618+00:00,151.3,10,ask,,,12363399
2026-07-08T15:13:13.345237,2026-07-08T15:13:13.358618+00:00,151.3,10,ask,,,12363400
2026-07-08T15:13:13.345237,2026-07-08T15:13:13.358618+00:00,151.3,10,ask,,,12363401
2026-07-08T15:13:13.345237,2026-07-08T15:13:13.358618+00:00,151.3,8,ask,,,12363402
2026-07-08T15:13:14.128724,2026-07-08T15:13:14.135647+00:00,151.3,45,bid,,,12363407
2026-07-08T15:13:14.682242,2026-07-08T15:13:14.692454+00:00,151.3,41,bid,,,12363418
2026-07-08T15:13:14.754414,2026-07-08T15:13:14.763920+00:00,151.1,48,ask,,,12363419
2026-07-08T15:13:14.832088,2026-07-08T15:13:14.843791+00:00,151.1,50,ask,,,12363421
2026-07-08T15:13:15.839668,2026-07-08T15:13:15.851705+00:00,151.1,2,ask,,,12363442
2026-07-08T15:13:15.839668,2026-07-08T15:13:15.851705+00:00,151.1,8,ask,,,12363443
2026-07-08T15:13:15.839668,2026-07-08T15:13:15.851705+00:00,150.8,38,ask,,,12363444
2026-07-08T15:13:15.968602,2026-07-08T15:13:15.996431+00:00,151.2,3,bid,,,12363449
2026-07-08T15:13:16.459921,2026-07-08T15:13:16.470660+00:00,151.2,8,bid,,,12363461
2026-07-08T15:13:16.938756,2026-07-08T15:13:16.950248+00:00,151.2,50,ask,,,12363466
2026-07-08T15:13:16.945401,2026-07-08T15:13:16.958583+00:00,151.3,44,bid,,,12363467
2026-07-08T15:13:17.498162,2026-07-08T15:13:17.506341+00:00,151.3,45,bid,,,12363473
2026-07-08T15:13:19.047077,2026-07-08T15:13:19.058659+00:00,151.2,50,ask,,,12363490
2026-07-08T15:13:19.527800,2026-07-08T15:13:19.536334+00:00,151.3,3,ask,,,12363502
2026-07-08T15:13:19.681943,2026-07-08T15:13:19.692586+00:00,151.3,5,ask,,,12363509
2026-07-08T15:13:19.693820,2026-07-08T15:13:19.704134+00:00,151.1,3,bid,,,12363510
2026-07-08T15:13:20.040148,2026-07-08T15:13:20.050501+00:00,151.1,11,bid,,,12363517
2026-07-08T15:13:21.103960,2026-07-08T15:13:21.115279+00:00,151.1,50,bid,,,12363533
2026-07-08T15:13:21.167483,2026-07-08T15:13:21.174084+00:00,151.1,43,bid,,,12363534
2026-07-08T15:13:21.730152,2026-07-08T15:13:21.738261+00:00,150.9,45,ask,,,12363543
2026-07-08T15:13:22.921633,2026-07-08T15:13:22.933552+00:00,151.0,42,ask,,,12363559
2026-07-08T15:13:23.219123,2026-07-08T15:13:23.230421+00:00,151.3,50,bid,,,12363563
2026-07-08T15:13:25.324970,2026-07-08T15:13:25.336737+00:00,151.3,50,bid,,,12363598
2026-07-08T15:13:26.515541,2026-07-08T15:13:26.526915+00:00,151.3,45,bid,,,12363617
2026-07-08T15:13:27.437286,2026-07-08T15:13:27.448948+00:00,151.3,50,bid,,,12363627
2026-07-08T15:13:29.126630,2026-07-08T15:13:29.135361+00:00,151.1,11,ask,,,12363652
