timestamp,recv_time,price,volume,aggressor_side,buyer,seller,trade_id
2026-07-06T23:00:01.985860,2026-07-06T23:00:01.997735+00:00,152.4,50,ask,,,10058005
2026-07-06T23:00:02.104522,2026-07-06T23:00:02.116445+00:00,152.8,46,bid,,,10058006
2026-07-06T23:00:03.887313,2026-07-06T23:00:03.896551+00:00,152.3,48,ask,,,10058026
2026-07-06T23:00:04.094299,2026-07-06T23:00:04.105844+00:00,152.3,50,ask,,,10058029
2026-07-06T23:00:06.201223,2026-07-06T23:00:06.206884+00:00,152.3,50,ask,,,10058055
2026-07-06T23:00:07.391294,2026-07-06T23:00:07.400888+00:00,152.3,41,ask,,,10058070
2026-07-06T23:00:09.181821,2026-07-06T23:00:09.189596+00:00,152.2,12,bid,,,10058092
2026-07-06T23:00:09.261985,2026-07-06T23:00:09.271824+00:00,152.2,11,bid,,,10058094
2026-07-06T23:00:10.011585,2026-07-06T23:00:10.023424+00:00,152.2,40,bid,,,10058103
2026-07-06T23:00:10.381738,2026-07-06T23:00:10.392651+00:00,152.2,50,bid,,,10058110
2026-07-06T23:00:12.139484,2026-07-06T23:00:12.151369+00:00,152.2,37,bid,,,10058131
2026-07-06T23:00:12.139484,2026-07-06T23:00:12.151369+00:00,152.6,10,bid,,,10058132
2026-07-06T23:00:12.544835,2026-07-06T23:00:12.558566+00:00,152.4,50,ask,,,10058133
2026-07-06T23:00:12.736067,2026-07-06T23:00:12.747795+00:00,152.4,48,ask,,,10058138
2026-07-06T23:00:14.607123,2026-07-06T23:00:14.613691+00:00,152.7,50,bid,,,10058157
2026-07-06T23:00:18.896686,2026-07-06T23:00:18.908188+00:00,152.3,50,ask,,,10058212
2026-07-06T23:00:21.001826,2026-07-06T23:00:21.011540+00:00,152.4,50,ask,,,10058239
2026-07-06T23:00:21.407744,2026-07-06T23:00:21.419192+00:00,152.7,42,bid,,,10058242
2026-07-06T23:00:22.015754,2026-07-06T23:00:22.027128+00:00,152.6,48,ask,,,10058259
2026-07-06T23:00:23.055914,2026-07-06T23:00:23.038482+00:00,152.9,50,bid,,,10058274
2026-07-06T23:00:26.300070,2026-07-06T23:00:26.312085+00:00,152.8,42,bid,,,10058313
2026-07-06T23:00:27.333126,2026-07-06T23:00:27.345568+00:00,152.5,50,ask,,,10058331
2026-07-06T23:00:28.863780,2026-07-06T23:00:28.875416+00:00,152.5,48,ask,,,10058350
2026-07-06T23:00:29.388437,2026-07-06T23:00:29.400161+00:00,153.0,50,bid,,,10058360
2026-07-06T23:00:31.495370,2026-07-06T23:00:31.504398+00:00,152.9,50,bid,,,10058387
2026-07-06T23:00:33.607517,2026-07-06T23:00:33.619265+00:00,153.1,50,bid,,,10058415
2026-07-06T23:00:35.721361,2026-07-06T23:00:35.734856+00:00,153.1,50,bid,,,10058449
2026-07-06T23:00:35.791651,2026-07-06T23:00:35.801722+00:00,153.1,44,bid,,,10058453
2026-07-06T23:00:36.712457,2026-07-06T23:00:36.722513+00:00,152.8,11,ask,,,10058465
2026-07-06T23:00:37.847819,2026-07-06T23:00:37.864004+00:00,153.3,50,bid,,,10058481
2026-07-06T23:00:38.818076,2026-07-06T23:00:38.829681+00:00,152.8,43,ask,,,10058493
2026-07-06T23:00:39.954583,2026-07-06T23:00:39.966383+00:00,153.3,50,bid,,,10058503
2026-07-06T23:00:43.419378,2026-07-06T23:00:43.431005+00:00,153.5,40,bid,,,10058551
2026-07-06T23:00:43.948669,2026-07-06T23:00:43.958645+00:00,153.3,23,ask,,,10058562
2026-07-06T23:00:44.257803,2026-07-06T23:00:44.269690+00:00,153.3,50,ask,,,10058570
2026-07-06T23:00:45.240506,2026-07-06T23:00:45.250176+00:00,153.3,12,ask,,,10058584
2026-07-06T23:00:46.365056,2026-07-06T23:00:46.376928+00:00,153.3,50,ask,,,10058599
2026-07-06T23:00:47.022624,2026-07-06T23:00:47.029712+00:00,153.3,15,ask,,,10058611
2026-07-06T23:00:47.022624,2026-07-06T23:00:47.034758+00:00,152.9,27,ask,,,10058612
2026-07-06T23:00:47.579869,2026-07-06T23:00:47.591315+00:00,153.2,43,bid,,,10058620
2026-07-06T23:00:48.498132,2026-07-06T23:00:48.506203+00:00,152.9,50,ask,,,10058629
2026-07-06T23:00:48.767895,2026-07-06T23:00:48.779966+00:00,153.2,42,bid,,,10058634
2026-07-06T23:00:50.604462,2026-07-06T23:00:50.616204+00:00,152.8,50,ask,,,10058653
2026-07-06T23:00:50.912644,2026-07-06T23:00:50.921545+00:00,152.8,40,ask,,,10058658
2026-07-06T23:00:52.710847,2026-07-06T23:00:52.722398+00:00,152.8,50,ask,,,10058686
2026-07-06T23:00:53.483264,2026-07-06T23:00:53.491746+00:00,152.7,23,bid,,,10058693
2026-07-06T23:00:54.038185,2026-07-06T23:00:54.046285+00:00,152.7,23,bid,,,10058698
2026-07-06T23:00:54.817710,2026-07-06T23:00:54.829470+00:00,152.5,50,ask,,,10058710
2026-07-06T23:00:56.943422,2026-07-06T23:00:56.958593+00:00,152.4,50,ask,,,10058733
2026-07-06T23:00:57.381903,2026-07-06T23:00:57.393540+00:00,152.9,43,bid,,,10058738
2026-07-06T23:00:58.999721,2026-07-06T23:00:59.011445+00:00,152.9,50,bid,,,10058753
2026-07-06T23:01:00.018265,2026-07-06T23:01:00.026608+00:00,152.8,11,ask,,,10058768
2026-07-06T23:01:00.579053,2026-07-06T23:01:00.590898+00:00,152.8,41,ask,,,10058773
2026-07-06T23:01:01.111640,2026-07-06T23:01:01.120232+00:00,153.0,50,bid,,,10058782
2026-07-06T23:01:01.160950,2026-07-06T23:01:01.172617+00:00,153.0,42,bid,,,10058784
2026-07-06T23:01:01.833324,2026-07-06T23:01:01.858584+00:00,152.8,41,ask,,,10058788
2026-07-06T23:01:02.285747,2026-07-06T23:01:02.293675+00:00,152.8,23,ask,,,10058793
2026-07-06T23:01:02.956925,2026-07-06T23:01:02.969272+00:00,152.7,100,ask,,,10058801
2026-07-06T23:01:02.975414,2026-07-06T23:01:02.983925+00:00,152.4,23,bid,,,10058802
2026-07-06T23:01:03.217516,2026-07-06T23:01:03.225650+00:00,152.4,27,bid,,,10058809
2026-07-06T23:01:03.217516,2026-07-06T23:01:03.230840+00:00,153.2,23,bid,,,10058810
2026-07-06T23:01:05.326175,2026-07-06T23:01:05.338058+00:00,152.8,50,bid,,,10058841
2026-07-06T23:01:05.769481,2026-07-06T23:01:05.781160+00:00,152.3,44,ask,,,10058845
2026-07-06T23:01:06.906769,2026-07-06T23:01:06.918451+00:00,152.8,46,bid,,,10058862
2026-07-06T23:01:06.962157,2026-07-06T23:01:06.973636+00:00,152.6,45,ask,,,10058864
2026-07-06T23:01:07.433148,2026-07-06T23:01:07.445223+00:00,152.8,4,bid,,,10058868
2026-07-06T23:01:07.433148,2026-07-06T23:01:07.450244+00:00,153.1,46,bid,,,10058869
2026-07-06T23:01:08.021763,2026-07-06T23:01:08.064014+00:00,153.1,41,bid,,,10058876
2026-07-06T23:01:08.636285,2026-07-06T23:01:08.648066+00:00,152.6,40,ask,,,10058881
2026-07-06T23:01:09.595359,2026-07-06T23:01:09.601946+00:00,152.5,50,ask,,,10058897
2026-07-06T23:01:11.701173,2026-07-06T23:01:11.712710+00:00,152.5,50,ask,,,10058925
2026-07-06T23:01:11.783104,2026-07-06T23:01:11.794628+00:00,152.9,42,bid,,,10058929
2026-07-06T23:01:13.758832,2026-07-06T23:01:13.770575+00:00,152.9,50,bid,,,10058959
2026-07-06T23:01:14.932232,2026-07-06T23:01:14.943831+00:00,153.1,49,bid,,,10058977
2026-07-06T23:01:15.916275,2026-07-06T23:01:15.927916+00:00,152.9,50,ask,,,10058994
2026-07-06T23:01:16.008239,2026-07-06T23:01:16.018197+00:00,152.9,43,ask,,,10058995
2026-07-06T23:01:17.178734,2026-07-06T23:01:17.190855+00:00,152.9,7,ask,,,10059007
2026-07-06T23:01:17.178734,2026-07-06T23:01:17.190855+00:00,152.8,35,ask,,,10059008
2026-07-06T23:01:17.807687,2026-07-06T23:01:17.817073+00:00,153.3,41,bid,,,10059015
2026-07-06T23:01:18.300484,2026-07-06T23:01:18.307922+00:00,153.0,46,bid,,,10059024
2026-07-06T23:01:20.128623,2026-07-06T23:01:20.140229+00:00,152.9,50,ask,,,10059044
2026-07-06T23:01:20.598885,2026-07-06T23:01:20.606261+00:00,152.9,43,ask,,,10059052
2026-07-06T23:01:22.191171,2026-07-06T23:01:22.202827+00:00,153.1,50,bid,,,10059075
2026-07-06T23:01:22.438160,2026-07-06T23:01:22.444495+00:00,152.8,48,ask,,,10059078
2026-07-06T23:01:22.984635,2026-07-06T23:01:22.996189+00:00,153.1,42,bid,,,10059089
2026-07-06T23:01:23.919168,2026-07-06T23:01:23.930855+00:00,152.8,43,ask,,,10059099
2026-07-06T23:01:24.299854,2026-07-06T23:01:24.311527+00:00,152.8,50,bid,,,10059101
2026-07-06T23:01:25.072575,2026-07-06T23:01:25.080089+00:00,152.8,50,bid,,,10059113
2026-07-06T23:01:25.358088,2026-07-06T23:01:25.369959+00:00,153.3,48,bid,,,10059122
2026-07-06T23:01:26.407793,2026-07-06T23:01:26.419539+00:00,153.3,50,bid,,,10059137
2026-07-06T23:01:26.926077,2026-07-06T23:01:26.937793+00:00,152.8,49,ask,,,10059139
2026-07-06T23:01:28.532941,2026-07-06T23:01:28.541914+00:00,153.1,50,bid,,,10059161
2026-07-06T23:01:28.963577,2026-07-06T23:01:28.975253+00:00,153.1,42,bid,,,10059166
2026-07-06T23:01:29.458393,2026-07-06T23:01:29.469955+00:00,152.8,44,ask,,,10059173
2026-07-06T23:01:30.543494,2026-07-06T23:01:30.553878+00:00,153.0,12,ask,,,10059192
2026-07-06T23:01:30.640745,2026-07-06T23:01:30.647590+00:00,153.3,50,bid,,,10059195
2026-07-06T23:01:31.005667,2026-07-06T23:01:31.014034+00:00,153.3,47,bid,,,10059199
2026-07-06T23:01:32.449817,2026-07-06T23:01:32.459895+00:00,153.1,11,ask,,,10059217
2026-07-06T23:01:32.747994,2026-07-06T23:01:32.759627+00:00,153.5,50,bid,,,10059222
2026-07-06T23:01:34.858324,2026-07-06T23:01:34.869940+00:00,153.5,50,bid,,,10059242
2026-07-06T23:01:35.579673,2026-07-06T23:01:35.591332+00:00,153.2,40,ask,,,10059250
2026-07-06T23:01:36.865302,2026-07-06T23:01:36.873334+00:00,153.4,12,ask,,,10059268
2026-07-06T23:01:36.965044,2026-07-06T23:01:36.974938+00:00,153.7,50,bid,,,10059273
2026-07-06T23:01:39.005969,2026-07-06T23:01:39.018774+00:00,153.4,11,ask,,,10059314
2026-07-06T23:01:39.239984,2026-07-06T23:01:39.248187+00:00,153.4,47,ask,,,10059316
2026-07-06T23:01:41.174973,2026-07-06T23:01:41.186683+00:00,153.5,50,bid,,,10059343
2026-07-06T23:01:43.335288,2026-07-06T23:01:43.344941+00:00,153.2,50,ask,,,10059376
2026-07-06T23:01:47.495107,2026-07-06T23:01:47.507061+00:00,153.3,50,bid,,,10059437
2026-07-06T23:01:49.601670,2026-07-06T23:01:49.613127+00:00,153.3,50,bid,,,10059455
2026-07-06T23:01:53.769395,2026-07-06T23:01:53.781403+00:00,153.7,43,bid,,,10059493
2026-07-06T23:01:53.864119,2026-07-06T23:01:53.875623+00:00,153.3,50,ask,,,10059494
2026-07-06T23:01:55.923517,2026-07-06T23:01:55.935536+00:00,153.8,50,bid,,,10059525
2026-07-06T23:01:57.409793,2026-07-06T23:01:57.421487+00:00,153.3,48,ask,,,10059545
2026-07-06T23:01:58.030212,2026-07-06T23:01:58.058821+00:00,153.8,50,bid,,,10059554
2026-07-06T23:02:00.137209,2026-07-06T23:02:00.158563+00:00,153.8,50,bid,,,10059586
2026-07-06T23:02:02.169965,2026-07-06T23:02:02.177621+00:00,153.6,3,ask,,,10059609
2026-07-06T23:02:02.296081,2026-07-06T23:02:02.307602+00:00,153.6,50,ask,,,10059613
2026-07-06T23:02:06.457988,2026-07-06T23:02:06.469812+00:00,153.7,50,bid,,,10059658
2026-07-06T23:02:08.615718,2026-07-06T23:02:08.627239+00:00,153.3,50,ask,,,10059685
2026-07-06T23:02:09.654459,2026-07-06T23:02:09.670573+00:00,153.5,48,bid,,,10059700
2026-07-06T23:02:10.672225,2026-07-06T23:02:10.683752+00:00,153.5,50,bid,,,10059709
2026-07-06T23:02:12.831113,2026-07-06T23:02:12.842573+00:00,153.4,50,ask,,,10059732
2026-07-06T23:02:14.426311,2026-07-06T23:02:14.435507+00:00,153.4,14,ask,,,10059760
2026-07-06T23:02:14.874720,2026-07-06T23:02:14.883711+00:00,153.4,86,ask,,,10059768
2026-07-06T23:02:14.887128,2026-07-06T23:02:14.898710+00:00,153.3,14,bid,,,10059769
2026-07-06T23:02:15.780599,2026-07-06T23:02:15.788693+00:00,153.1,14,bid,,,10059775
2026-07-06T23:02:16.992248,2026-07-06T23:02:17.003702+00:00,153.1,50,bid,,,10059800
2026-07-06T23:02:17.048446,2026-07-06T23:02:17.056720+00:00,153.1,3,bid,,,10059803
2026-07-06T23:02:17.902682,2026-07-06T23:02:17.964113+00:00,152.8,41,ask,,,10059810
2026-07-06T23:02:17.982209,2026-07-06T23:02:17.994098+00:00,153.1,83,bid,,,10059811
2026-07-06T23:02:18.070677,2026-07-06T23:02:18.078672+00:00,153.4,3,ask,,,10059814
2026-07-06T23:02:18.886253,2026-07-06T23:02:18.896422+00:00,153.5,3,ask,,,10059833
2026-07-06T23:02:19.321321,2026-07-06T23:02:19.330838+00:00,153.5,46,ask,,,10059837
2026-07-06T23:02:19.875978,2026-07-06T23:02:19.887892+00:00,153.9,43,bid,,,10059841
2026-07-06T23:02:21.257396,2026-07-06T23:02:21.269034+00:00,153.5,50,ask,,,10059857
2026-07-06T23:02:22.424572,2026-07-06T23:02:22.434308+00:00,153.6,3,bid,,,10059866
2026-07-06T23:02:23.369714,2026-07-06T23:02:23.381536+00:00,153.1,50,ask,,,10059883
2026-07-06T23:02:25.476959,2026-07-06T23:02:25.488701+00:00,153.3,50,ask,,,10059914
2026-07-06T23:02:27.585488,2026-07-06T23:02:27.595352+00:00,153.3,50,ask,,,10059939
2026-07-06T23:02:29.703461,2026-07-06T23:02:29.714836+00:00,153.1,50,ask,,,10059963
2026-07-06T23:02:31.758205,2026-07-06T23:02:31.769846+00:00,153.2,50,bid,,,10059992
2026-07-06T23:02:33.506807,2026-07-06T23:02:33.518554+00:00,153.2,41,bid,,,10060020
2026-07-06T23:02:34.555690,2026-07-06T23:02:34.565166+00:00,152.9,44,ask,,,10060032
2026-07-06T23:02:39.344018,2026-07-06T23:02:39.359438+00:00,153.4,40,bid,,,10060091
2026-07-06T23:02:39.349484,2026-07-06T23:02:39.359438+00:00,153.4,3,bid,,,10060092
2026-07-06T23:02:40.235723,2026-07-06T23:02:40.247588+00:00,153.3,50,ask,,,10060108
2026-07-06T23:02:42.366052,2026-07-06T23:02:42.376943+00:00,153.3,50,ask,,,10060133
2026-07-06T23:02:42.540381,2026-07-06T23:02:42.552071+00:00,153.7,46,bid,,,10060136
2026-07-06T23:02:44.174597,2026-07-06T23:02:44.184637+00:00,153.4,100,bid,,,10060155
2026-07-06T23:02:44.242560,2026-07-06T23:02:44.251997+00:00,153.6,3,ask,,,10060158
2026-07-06T23:02:44.471998,2026-07-06T23:02:44.483756+00:00,153.6,47,ask,,,10060160
2026-07-06T23:02:44.471998,2026-07-06T23:02:44.483756+00:00,152.9,3,ask,,,10060161
2026-07-06T23:02:44.609510,2026-07-06T23:02:44.616962+00:00,152.9,49,ask,,,10060163
2026-07-06T23:02:46.581700,2026-07-06T23:02:46.593661+00:00,153.1,50,ask,,,10060192
2026-07-06T23:02:47.366432,2026-07-06T23:02:47.374339+00:00,153.6,49,bid,,,10060200
2026-07-06T23:02:49.440893,2026-07-06T23:02:49.452391+00:00,153.1,48,ask,,,10060220
2026-07-06T23:02:50.269953,2026-07-06T23:02:50.277337+00:00,153.3,3,bid,,,10060236
2026-07-06T23:02:50.665827,2026-07-06T23:02:50.674249+00:00,153.3,42,bid,,,10060243
2026-07-06T23:02:50.740716,2026-07-06T23:02:50.758578+00:00,153.3,50,bid,,,10060245
2026-07-06T23:02:51.636670,2026-07-06T23:02:51.648380+00:00,153.0,48,ask,,,10060257
2026-07-06T23:02:53.800820,2026-07-06T23:02:53.809634+00:00,153.3,11,bid,,,10060284
2026-07-06T23:02:54.264189,2026-07-06T23:02:54.277167+00:00,153.3,46,bid,,,10060288
2026-07-06T23:02:54.951992,2026-07-06T23:02:54.958581+00:00,153.3,50,bid,,,10060293
2026-07-06T23:02:56.329905,2026-07-06T23:02:56.337298+00:00,153.3,12,bid,,,10060309
2026-07-06T23:02:57.060977,2026-07-06T23:02:57.072542+00:00,153.7,50,bid,,,10060319
2026-07-06T23:02:58.892746,2026-07-06T23:02:58.904469+00:00,153.4,43,ask,,,10060342
2026-07-06T23:02:59.174442,2026-07-06T23:02:59.185785+00:00,153.9,50,bid,,,10060348
2026-07-06T23:03:00.556651,2026-07-06T23:03:00.557517+00:00,153.4,41,ask,,,10060368
2026-07-06T23:03:01.280445,2026-07-06T23:03:01.291990+00:00,153.9,50,bid,,,10060374
2026-07-06T23:03:01.633502,2026-07-06T23:03:01.663669+00:00,153.9,48,bid,,,10060377
2026-07-06T23:03:02.144578,2026-07-06T23:03:02.163967+00:00,153.4,45,ask,,,10060380
2026-07-06T23:03:02.288821,2026-07-06T23:03:02.297508+00:00,153.5,12,ask,,,10060382
2026-07-06T23:03:02.377936,2026-07-06T23:03:02.386705+00:00,153.5,11,ask,,,10060384
2026-07-06T23:03:05.542652,2026-07-06T23:03:05.554275+00:00,153.5,50,ask,,,10060419
2026-07-06T23:03:06.255551,2026-07-06T23:03:06.263995+00:00,153.8,43,bid,,,10060427
2026-07-06T23:03:06.864057,2026-07-06T23:03:06.875478+00:00,153.3,46,ask,,,10060436
2026-07-06T23:03:07.647869,2026-07-06T23:03:07.654167+00:00,153.3,50,ask,,,10060450
2026-07-06T23:03:09.753914,2026-07-06T23:03:09.765573+00:00,153.3,50,ask,,,10060471
2026-07-06T23:03:11.865689,2026-07-06T23:03:11.872723+00:00,153.3,50,ask,,,10060487
2026-07-06T23:03:12.121587,2026-07-06T23:03:12.133406+00:00,153.6,41,bid,,,10060490
2026-07-06T23:03:13.970930,2026-07-06T23:03:13.980381+00:00,153.1,50,ask,,,10060511
2026-07-06T23:03:16.077785,2026-07-06T23:03:16.084344+00:00,153.1,50,ask,,,10060534
2026-07-06T23:03:16.114189,2026-07-06T23:03:16.122309+00:00,153.4,11,bid,,,10060535
2026-07-06T23:03:17.225040,2026-07-06T23:03:17.236646+00:00,153.4,43,bid,,,10060550
2026-07-06T23:03:17.819110,2026-07-06T23:03:17.830883+00:00,153.4,43,bid,,,10060557
2026-07-06T23:03:17.875885,2026-07-06T23:03:17.882768+00:00,153.1,46,ask,,,10060559
2026-07-06T23:03:18.183872,2026-07-06T23:03:18.195715+00:00,152.9,50,ask,,,10060563
2026-07-06T23:03:18.974402,2026-07-06T23:03:18.986149+00:00,153.4,41,bid,,,10060573
2026-07-06T23:03:20.292083,2026-07-06T23:03:20.300756+00:00,153.2,50,ask,,,10060589
2026-07-06T23:03:21.338655,2026-07-06T23:03:21.358783+00:00,153.2,45,ask,,,10060602
2026-07-06T23:03:21.971913,2026-07-06T23:03:21.980457+00:00,153.4,42,bid,,,10060610
2026-07-06T23:03:23.004217,2026-07-06T23:03:23.015653+00:00,152.9,44,ask,,,10060623
2026-07-06T23:03:24.508616,2026-07-06T23:03:24.520118+00:00,152.8,50,ask,,,10060637
2026-07-06T23:03:24.759712,2026-07-06T23:03:24.768357+00:00,153.2,12,bid,,,10060640
2026-07-06T23:03:25.371356,2026-07-06T23:03:25.382063+00:00,153.0,23,bid,,,10060651
2026-07-06T23:03:26.568743,2026-07-06T23:03:26.579879+00:00,153.0,50,bid,,,10060668
2026-07-06T23:03:27.113859,2026-07-06T23:03:27.125755+00:00,153.0,42,bid,,,10060674
2026-07-06T23:03:28.468829,2026-07-06T23:03:28.476701+00:00,153.3,100,bid,,,10060698
2026-07-06T23:03:28.725113,2026-07-06T23:03:28.736642+00:00,153.3,50,ask,,,10060701
2026-07-06T23:03:30.754773,2026-07-06T23:03:30.763392+00:00,153.1,12,ask,,,10060724
2026-07-06T23:03:30.792456,2026-07-06T23:03:30.805169+00:00,153.8,50,bid,,,10060726
2026-07-06T23:03:31.684438,2026-07-06T23:03:31.693200+00:00,153.1,88,ask,,,10060737
2026-07-06T23:03:32.152571,2026-07-06T23:03:32.163685+00:00,152.5,43,ask,,,10060743
2026-07-06T23:03:32.905414,2026-07-06T23:03:32.958974+00:00,153.0,50,bid,,,10060752
2026-07-06T23:03:35.038253,2026-07-06T23:03:35.048457+00:00,153.2,50,bid,,,10060777
2026-07-06T23:03:36.116878,2026-07-06T23:03:36.128392+00:00,152.8,45,ask,,,10060793
2026-07-06T23:03:37.148085,2026-07-06T23:03:37.163918+00:00,153.3,50,bid,,,10060807
2026-07-06T23:03:39.262362,2026-07-06T23:03:39.269719+00:00,153.4,50,bid,,,10060834
2026-07-06T23:03:41.039911,2026-07-06T23:03:41.047674+00:00,153.1,11,ask,,,10060858
2026-07-06T23:03:41.369565,2026-07-06T23:03:41.381200+00:00,153.2,50,bid,,,10060866
2026-07-06T23:03:43.503448,2026-07-06T23:03:43.511144+00:00,153.2,50,bid,,,10060897
2026-07-06T23:03:44.321345,2026-07-06T23:03:44.330109+00:00,153.3,12,ask,,,10060907
2026-07-06T23:03:47.716590,2026-07-06T23:03:47.728149+00:00,153.5,50,bid,,,10060937
2026-07-06T23:03:49.554795,2026-07-06T23:03:49.568670+00:00,153.3,46,ask,,,10060962
2026-07-06T23:03:49.876435,2026-07-06T23:03:49.887957+00:00,153.3,50,ask,,,10060963
2026-07-06T23:03:51.983871,2026-07-06T23:03:51.995291+00:00,153.1,50,ask,,,10060999
2026-07-06T23:03:54.091569,2026-07-06T23:03:54.103447+00:00,153.1,50,ask,,,10061015
2026-07-06T23:03:55.477893,2026-07-06T23:03:55.486512+00:00,153.1,11,ask,,,10061028
2026-07-06T23:03:56.207671,2026-07-06T23:03:56.218471+00:00,152.9,50,ask,,,10061034
2026-07-06T23:03:56.843056,2026-07-06T23:03:56.851146+00:00,153.1,11,bid,,,10061044
2026-07-06T23:03:59.103340,2026-07-06T23:03:59.114691+00:00,153.1,48,bid,,,10061078
2026-07-06T23:03:59.751405,2026-07-06T23:03:59.758577+00:00,153.1,43,bid,,,10061085
2026-07-06T23:04:00.368715,2026-07-06T23:04:00.380416+00:00,153.3,50,bid,,,10061090
2026-07-06T23:04:00.781722,2026-07-06T23:04:00.792858+00:00,153.3,42,bid,,,10061099
2026-07-06T23:04:00.835807,2026-07-06T23:04:00.845206+00:00,152.9,40,ask,,,10061100
2026-07-06T23:04:01.456019,2026-07-06T23:04:01.457171+00:00,152.9,48,ask,,,10061108
2026-07-06T23:04:04.682070,2026-07-06T23:04:04.690035+00:00,153.0,50,ask,,,10061147
2026-07-06T23:04:06.309442,2026-07-06T23:04:06.313874+00:00,153.3,45,bid,,,10061170
2026-07-06T23:04:06.788633,2026-07-06T23:04:06.800300+00:00,152.8,50,ask,,,10061175
2026-07-06T23:04:07.856403,2026-07-06T23:04:07.868477+00:00,153.2,44,bid,,,10061194
2026-07-06T23:04:08.474175,2026-07-06T23:04:08.485816+00:00,152.8,48,ask,,,10061199
2026-07-06T23:04:08.913714,2026-07-06T23:04:08.924738+00:00,152.7,50,ask,,,10061208
2026-07-06T23:04:09.027653,2026-07-06T23:04:09.037510+00:00,152.9,43,bid,,,10061210
2026-07-06T23:04:09.918996,2026-07-06T23:04:09.927819+00:00,152.9,23,bid,,,10061225
2026-07-06T23:04:10.217532,2026-07-06T23:04:10.229185+00:00,152.5,48,ask,,,10061232
2026-07-06T23:04:11.020746,2026-07-06T23:04:11.032375+00:00,152.5,50,ask,,,10061237
2026-07-06T23:04:12.842966,2026-07-06T23:04:12.858801+00:00,152.9,12,bid,,,10061262
2026-07-06T23:04:13.077345,2026-07-06T23:04:13.088839+00:00,152.9,50,bid,,,10061265
2026-07-06T23:04:14.369524,2026-07-06T23:04:14.380341+00:00,152.9,45,bid,,,10061278
2026-07-06T23:04:15.207773,2026-07-06T23:04:15.218730+00:00,152.9,43,bid,,,10061285
2026-07-06T23:04:15.207773,2026-07-06T23:04:15.218730+00:00,153.2,7,bid,,,10061286
2026-07-06T23:04:17.017506,2026-07-06T23:04:17.029420+00:00,152.8,41,ask,,,10061314
2026-07-06T23:04:17.315369,2026-07-06T23:04:17.326944+00:00,153.2,50,bid,,,10061320
2026-07-06T23:04:19.242616,2026-07-06T23:04:19.252932+00:00,152.9,43,ask,,,10061344
2026-07-06T23:04:24.399902,2026-07-06T23:04:24.407929+00:00,152.8,12,ask,,,10061400
2026-07-06T23:04:27.834696,2026-07-06T23:04:27.846619+00:00,153.0,50,bid,,,10061438
2026-07-06T23:04:31.916057,2026-07-06T23:04:31.923351+00:00,152.8,11,ask,,,10061499
2026-07-06T23:04:32.047589,2026-07-06T23:04:32.059175+00:00,153.2,50,bid,,,10061502
2026-07-06T23:04:32.270283,2026-07-06T23:04:32.277438+00:00,152.8,23,ask,,,10061508
2026-07-06T23:04:33.751350,2026-07-06T23:04:33.757756+00:00,153.2,49,bid,,,10061533
2026-07-06T23:04:33.805468,2026-07-06T23:04:33.816928+00:00,152.8,43,ask,,,10061535
2026-07-06T23:04:34.156393,2026-07-06T23:04:34.163903+00:00,153.1,50,bid,,,10061537
2026-07-06T23:04:34.953016,2026-07-06T23:04:34.964756+00:00,152.6,49,ask,,,10061549
2026-07-06T23:04:34.991267,2026-07-06T23:04:35.032988+00:00,152.6,51,ask,,,10061550
2026-07-06T23:04:35.014128,2026-07-06T23:04:35.032988+00:00,152.5,11,bid,,,10061552
2026-07-06T23:04:35.913689,2026-07-06T23:04:35.925244+00:00,152.5,42,bid,,,10061572
2026-07-06T23:04:36.263247,2026-07-06T23:04:36.274929+00:00,152.5,46,bid,,,10061579
2026-07-06T23:04:36.263247,2026-07-06T23:04:36.274929+00:00,153.1,4,bid,,,10061580
2026-07-06T23:04:36.513921,2026-07-06T23:04:36.525402+00:00,153.1,46,bid,,,10061582
2026-07-06T23:04:38.830799,2026-07-06T23:04:38.838974+00:00,152.7,14,ask,,,10061621
2026-07-06T23:04:40.474350,2026-07-06T23:04:40.486100+00:00,153.0,50,bid,,,10061642
2026-07-06T23:04:41.049612,2026-07-06T23:04:41.051388+00:00,152.7,40,ask,,,10061647
2026-07-06T23:04:42.581873,2026-07-06T23:04:42.590448+00:00,152.9,50,bid,,,10061659
2026-07-06T23:04:42.692814,2026-07-06T23:04:42.704442+00:00,152.9,44,bid,,,10061660
2026-07-06T23:04:44.740872,2026-07-06T23:04:44.758616+00:00,152.7,50,ask,,,10061689
2026-07-06T23:04:46.846792,2026-07-06T23:04:46.863825+00:00,152.7,50,ask,,,10061704
2026-07-06T23:04:48.963704,2026-07-06T23:04:48.975685+00:00,152.7,50,ask,,,10061729
2026-07-06T23:04:49.822872,2026-07-06T23:04:49.834430+00:00,152.9,100,bid,,,10061743
2026-07-06T23:04:50.628798,2026-07-06T23:04:50.638041+00:00,152.9,3,bid,,,10061756
2026-07-06T23:04:51.071225,2026-07-06T23:04:51.078563+00:00,153.2,50,ask,,,10061760
2026-07-06T23:04:51.332230,2026-07-06T23:04:51.340409+00:00,153.2,3,ask,,,10061762
2026-07-06T23:04:53.177161,2026-07-06T23:04:53.187160+00:00,153.2,50,ask,,,10061792
2026-07-06T23:04:54.533632,2026-07-06T23:04:54.545031+00:00,152.8,45,ask,,,10061816
2026-07-06T23:04:55.284506,2026-07-06T23:04:55.296264+00:00,152.8,50,ask,,,10061825
2026-07-06T23:04:56.214448,2026-07-06T23:04:56.223470+00:00,153.0,14,bid,,,10061834
2026-07-06T23:04:57.364742,2026-07-06T23:04:57.374029+00:00,153.0,50,bid,,,10061856
2026-07-06T23:04:57.608922,2026-07-06T23:04:57.620700+00:00,153.0,36,bid,,,10061860
2026-07-06T23:04:57.608922,2026-07-06T23:04:57.620700+00:00,153.4,10,bid,,,10061861
2026-07-06T23:04:58.475627,2026-07-06T23:04:58.483540+00:00,152.9,14,ask,,,10061869
2026-07-06T23:04:58.765101,2026-07-06T23:04:58.776729+00:00,152.9,40,ask,,,10061878
2026-07-06T23:04:59.238819,2026-07-06T23:04:59.250679+00:00,152.9,43,ask,,,10061883
2026-07-06T23:04:59.363252,2026-07-06T23:04:59.375214+00:00,152.9,53,ask,,,10061884
2026-07-06T23:04:59.476835,2026-07-06T23:04:59.488471+00:00,152.8,47,bid,,,10061885
2026-07-06T23:05:00.329950,2026-07-06T23:05:00.339419+00:00,152.5,37,bid,,,10061892
2026-07-06T23:05:01.652601,2026-07-06T23:05:01.664254+00:00,152.3,50,ask,,,10061920
2026-07-06T23:05:02.482063,2026-07-06T23:05:02.490075+00:00,152.4,11,ask,,,10061929
2026-07-06T23:05:03.481054,2026-07-06T23:05:03.489937+00:00,152.4,89,ask,,,10061943
2026-07-06T23:05:03.688084,2026-07-06T23:05:03.697546+00:00,152.3,48,bid,,,10061946
2026-07-06T23:05:03.708647,2026-07-06T23:05:03.718393+00:00,152.3,13,bid,,,10061948
2026-07-06T23:05:03.708647,2026-07-06T23:05:03.718393+00:00,152.9,37,bid,,,10061949
2026-07-06T23:05:04.756322,2026-07-06T23:05:04.767806+00:00,152.9,49,bid,,,10061958
2026-07-06T23:05:05.817326,2026-07-06T23:05:05.828867+00:00,152.8,50,bid,,,10061972
2026-07-06T23:05:07.085816,2026-07-06T23:05:07.094314+00:00,152.5,23,ask,,,10061982
2026-07-06T23:05:07.921602,2026-07-06T23:05:07.963883+00:00,152.8,50,bid,,,10061991
2026-07-06T23:05:09.930238,2026-07-06T23:05:09.958739+00:00,152.5,42,ask,,,10062017
2026-07-06T23:05:10.029668,2026-07-06T23:05:10.041213+00:00,152.9,50,bid,,,10062018
2026-07-06T23:05:10.573815,2026-07-06T23:05:10.585315+00:00,152.5,44,ask,,,10062026
2026-07-06T23:05:12.137475,2026-07-06T23:05:12.148486+00:00,152.9,50,bid,,,10062046
2026-07-06T23:05:12.960241,2026-07-06T23:05:12.969815+00:00,152.8,3,ask,,,10062048
2026-07-06T23:05:14.243441,2026-07-06T23:05:14.263613+00:00,152.9,50,bid,,,10062059
2026-07-06T23:05:17.027469,2026-07-06T23:05:17.039053+00:00,152.9,49,ask,,,10062102
2026-07-06T23:05:17.589657,2026-07-06T23:05:17.596710+00:00,153.1,45,bid,,,10062109
2026-07-06T23:05:20.626407,2026-07-06T23:05:20.638160+00:00,152.7,50,ask,,,10062138
2026-07-06T23:05:21.109922,2026-07-06T23:05:21.121502+00:00,153.1,49,bid,,,10062140
2026-07-06T23:05:22.619446,2026-07-06T23:05:22.627815+00:00,152.9,40,bid,,,10062161
2026-07-06T23:05:22.734287,2026-07-06T23:05:22.741900+00:00,152.7,50,ask,,,10062163
2026-07-06T23:05:24.723604,2026-07-06T23:05:24.732362+00:00,152.7,3,ask,,,10062188
2026-07-06T23:05:24.840662,2026-07-06T23:05:24.847772+00:00,152.7,50,ask,,,10062190
2026-07-06T23:05:25.743306,2026-07-06T23:05:25.734318+00:00,152.5,47,ask,,,10062193
2026-07-06T23:05:26.033308,2026-07-06T23:05:26.041169+00:00,152.6,3,bid,,,10062197
2026-07-06T23:05:26.330977,2026-07-06T23:05:26.358577+00:00,152.6,41,bid,,,10062204
2026-07-06T23:05:26.385325,2026-07-06T23:05:26.393610+00:00,152.5,49,ask,,,10062209
2026-07-06T23:05:26.946180,2026-07-06T23:05:26.963892+00:00,152.5,4,ask,,,10062217
2026-07-06T23:05:26.946180,2026-07-06T23:05:26.963892+00:00,152.1,46,ask,,,10062218
2026-07-06T23:05:28.490183,2026-07-06T23:05:28.502037+00:00,152.6,41,bid,,,10062238
2026-07-06T23:05:29.056162,2026-07-06T23:05:29.058583+00:00,152.5,50,ask,,,10062248
2026-07-06T23:05:30.440492,2026-07-06T23:05:30.458596+00:00,152.6,46,bid,,,10062261
2026-07-06T23:05:31.111147,2026-07-06T23:05:31.119166+00:00,152.9,50,bid,,,10062269
2026-07-06T23:05:33.218690,2026-07-06T23:05:33.230423+00:00,152.8,50,bid,,,10062298
2026-07-06T23:05:35.326782,2026-07-06T23:05:35.338655+00:00,153.1,50,bid,,,10062317
2026-07-06T23:05:37.339026,2026-07-06T23:05:37.346670+00:00,152.7,49,ask,,,10062345
2026-07-06T23:05:37.434252,2026-07-06T23:05:37.445854+00:00,153.1,50,bid,,,10062347
2026-07-06T23:05:37.896258,2026-07-06T23:05:37.959543+00:00,152.7,48,ask,,,10062352
2026-07-06T23:05:40.504526,2026-07-06T23:05:40.516185+00:00,152.8,100,ask,,,10062390
2026-07-06T23:05:40.774030,2026-07-06T23:05:40.785662+00:00,153.3,41,bid,,,10062392
2026-07-06T23:05:43.797195,2026-07-06T23:05:43.808685+00:00,152.9,50,ask,,,10062430
2026-07-06T23:05:45.701870,2026-07-06T23:05:45.709509+00:00,152.6,43,ask,,,10062455
2026-07-06T23:05:50.112517,2026-07-06T23:05:50.121846+00:00,152.7,50,ask,,,10062503
2026-07-06T23:05:52.218619,2026-07-06T23:05:52.230424+00:00,152.6,50,ask,,,10062523
2026-07-06T23:05:52.604883,2026-07-06T23:05:52.616424+00:00,153.0,46,bid,,,10062531
2026-07-06T23:05:54.349426,2026-07-06T23:05:54.363875+00:00,152.6,50,ask,,,10062552
2026-07-06T23:05:56.326939,2026-07-06T23:05:56.331811+00:00,152.6,100,ask,,,10062577
2026-07-06T23:05:56.456976,2026-07-06T23:05:56.468715+00:00,152.0,50,ask,,,10062580
2026-07-06T23:05:57.254257,2026-07-06T23:05:57.262024+00:00,152.2,14,bid,,,10062590
2026-07-06T23:05:58.569659,2026-07-06T23:05:58.581487+00:00,152.0,50,ask,,,10062605
2026-07-06T23:05:59.718730,2026-07-06T23:05:59.729330+00:00,152.2,41,bid,,,10062623
2026-07-06T23:06:00.318511,2026-07-06T23:06:00.330210+00:00,151.8,47,ask,,,10062632
2026-07-06T23:06:00.677722,2026-07-06T23:06:00.687592+00:00,151.8,50,ask,,,10062640
2026-07-06T23:06:01.332341,2026-07-06T23:06:01.352675+00:00,152.2,43,bid,,,10062648
2026-07-06T23:06:01.839559,2026-07-06T23:06:01.858800+00:00,151.8,3,ask,,,10062656
2026-07-06T23:06:01.839559,2026-07-06T23:06:01.858800+00:00,151.7,42,ask,,,10062657
2026-07-06T23:06:02.811201,2026-07-06T23:06:02.822674+00:00,151.7,50,ask,,,10062666
2026-07-06T23:06:04.918136,2026-07-06T23:06:04.930068+00:00,151.7,50,ask,,,10062694
2026-07-06T23:06:05.864818,2026-07-06T23:06:05.874487+00:00,151.9,12,bid,,,10062706
2026-07-06T23:06:07.033312,2026-07-06T23:06:07.040355+00:00,151.5,50,ask,,,10062719
2026-07-06T23:06:08.807398,2026-07-06T23:06:08.814542+00:00,151.9,49,bid,,,10062743
2026-07-06T23:06:09.920972,2026-07-06T23:06:09.931107+00:00,151.6,11,bid,,,10062750
2026-07-06T23:06:10.022079,2026-07-06T23:06:10.030312+00:00,151.5,41,ask,,,10062752
2026-07-06T23:06:11.242093,2026-07-06T23:06:11.253825+00:00,151.5,50,ask,,,10062766
2026-07-06T23:06:11.272756,2026-07-06T23:06:11.280320+00:00,151.6,12,bid,,,10062767
2026-07-06T23:06:13.351063,2026-07-06T23:06:13.364064+00:00,151.3,50,ask,,,10062787
2026-07-06T23:06:14.097165,2026-07-06T23:06:14.108995+00:00,151.7,46,bid,,,10062793
2026-07-06T23:06:14.683143,2026-07-06T23:06:14.691913+00:00,151.3,42,ask,,,10062807
2026-07-06T23:06:15.354185,2026-07-06T23:06:15.365282+00:00,151.4,11,bid,,,10062814
2026-07-06T23:06:15.472857,2026-07-06T23:06:15.481587+00:00,151.2,50,ask,,,10062816
2026-07-06T23:06:17.580631,2026-07-06T23:06:17.592180+00:00,151.0,50,ask,,,10062842
2026-07-06T23:06:18.537142,2026-07-06T23:06:18.546577+00:00,151.1,11,bid,,,10062860
2026-07-06T23:06:18.547698,2026-07-06T23:06:18.555565+00:00,151.1,12,bid,,,10062862
2026-07-06T23:06:19.636285,2026-07-06T23:06:19.647670+00:00,151.1,50,bid,,,10062879
2026-07-06T23:06:19.933002,2026-07-06T23:06:19.944779+00:00,151.1,27,bid,,,10062885
2026-07-06T23:06:19.933002,2026-07-06T23:06:19.944779+00:00,151.3,20,bid,,,10062886
2026-07-06T23:06:21.749036,2026-07-06T23:06:21.752343+00:00,151.3,43,bid,,,10062904
2026-07-06T23:06:22.127786,2026-07-06T23:06:22.137199+00:00,151.1,23,ask,,,10062907
2026-07-06T23:06:22.732082,2026-07-06T23:06:22.740120+00:00,151.1,11,ask,,,10062916
2026-07-06T23:06:22.968666,2026-07-06T23:06:22.980189+00:00,151.1,41,ask,,,10062921
2026-07-06T23:06:23.869466,2026-07-06T23:06:23.880856+00:00,151.3,50,bid,,,10062929
2026-07-06T23:06:26.032232,2026-07-06T23:06:26.044110+00:00,150.9,50,ask,,,10062960
2026-07-06T23:06:27.670896,2026-07-06T23:06:27.682444+00:00,151.0,43,bid,,,10062984
2026-07-06T23:06:28.139562,2026-07-06T23:06:28.158868+00:00,150.9,50,ask,,,10062986
2026-07-06T23:06:30.324633,2026-07-06T23:06:30.335055+00:00,150.6,45,ask,,,10063027
2026-07-06T23:06:31.394545,2026-07-06T23:06:31.406275+00:00,150.9,45,bid,,,10063046
2026-07-06T23:06:31.447948,2026-07-06T23:06:31.458615+00:00,150.6,49,ask,,,10063047
2026-07-06T23:06:31.859622,2026-07-06T23:06:31.870073+00:00,150.9,11,bid,,,10063054
2026-07-06T23:06:32.298991,2026-07-06T23:06:32.311052+00:00,150.9,44,bid,,,10063064
2026-07-06T23:06:32.298991,2026-07-06T23:06:32.311052+00:00,150.9,6,bid,,,10063065
2026-07-06T23:06:33.582617,2026-07-06T23:06:33.594363+00:00,150.4,49,ask,,,10063078
2026-07-06T23:06:34.407745,2026-07-06T23:06:34.419498+00:00,150.9,50,bid,,,10063091
2026-07-06T23:06:36.513120,2026-07-06T23:06:36.524552+00:00,150.9,50,bid,,,10063125
2026-07-06T23:06:38.620127,2026-07-06T23:06:38.631605+00:00,150.9,50,bid,,,10063154
2026-07-06T23:06:38.745681,2026-07-06T23:06:38.752794+00:00,150.9,46,bid,,,10063156
2026-07-06T23:06:39.259967,2026-07-06T23:06:39.269105+00:00,150.9,4,bid,,,10063160
2026-07-06T23:06:39.259967,2026-07-06T23:06:39.269105+00:00,151.0,42,bid,,,10063161
2026-07-06T23:06:40.728486,2026-07-06T23:06:40.740186+00:00,151.0,50,bid,,,10063177
2026-07-06T23:06:41.514050,2026-07-06T23:06:41.524259+00:00,150.9,11,ask,,,10063188
2026-07-06T23:06:41.711604,2026-07-06T23:06:41.718678+00:00,150.9,49,ask,,,10063192
2026-07-06T23:06:42.747189,2026-07-06T23:06:42.755187+00:00,150.9,12,ask,,,10063203
2026-07-06T23:06:42.834471,2026-07-06T23:06:42.844612+00:00,151.2,50,bid,,,10063206
2026-07-06T23:06:44.867768,2026-07-06T23:06:44.876585+00:00,151.0,45,bid,,,10063227
2026-07-06T23:06:44.990775,2026-07-06T23:06:44.998255+00:00,150.8,50,ask,,,10063229
2026-07-06T23:06:47.097805,2026-07-06T23:06:47.109476+00:00,150.6,50,ask,,,10063257
2026-07-06T23:06:48.982474,2026-07-06T23:06:48.993943+00:00,150.8,49,ask,,,10063277
2026-07-06T23:06:49.206728,2026-07-06T23:06:49.218496+00:00,150.8,50,ask,,,10063282
2026-07-06T23:06:50.027970,2026-07-06T23:06:50.039487+00:00,150.8,42,ask,,,10063294
2026-07-06T23:06:51.059665,2026-07-06T23:06:51.069762+00:00,150.7,12,bid,,,10063307
2026-07-06T23:06:51.642290,2026-07-06T23:06:51.651681+00:00,150.7,47,bid,,,10063311
2026-07-06T23:06:53.327001,2026-07-06T23:06:53.336179+00:00,150.7,47,bid,,,10063344
2026-07-06T23:06:53.421448,2026-07-06T23:06:53.432984+00:00,150.4,50,ask,,,10063345
2026-07-06T23:06:55.478011,2026-07-06T23:06:55.485036+00:00,150.9,50,bid,,,10063369
2026-07-06T23:06:57.583213,2026-07-06T23:06:57.594947+00:00,150.9,50,bid,,,10063389
2026-07-06T23:06:58.042169,2026-07-06T23:06:58.063621+00:00,150.5,40,ask,,,10063399
2026-07-06T23:06:59.747580,2026-07-06T23:06:59.753906+00:00,150.5,50,ask,,,10063428
2026-07-06T23:07:01.710160,2026-07-06T23:07:01.721670+00:00,150.5,43,ask,,,10063457
2026-07-06T23:07:01.806410,2026-07-06T23:07:01.815727+00:00,150.6,50,bid,,,10063461
2026-07-06T23:07:02.334689,2026-07-06T23:07:02.346319+00:00,150.5,46,ask,,,10063467
2026-07-06T23:07:03.287928,2026-07-06T23:07:03.294950+00:00,150.6,47,bid,,,10063482
2026-07-06T23:07:03.911678,2026-07-06T23:07:03.920573+00:00,150.8,50,bid,,,10063486
2026-07-06T23:07:04.742683,2026-07-06T23:07:04.754306+00:00,150.8,47,bid,,,10063501
2026-07-06T23:07:06.022220,2026-07-06T23:07:06.033827+00:00,151.0,50,bid,,,10063518
2026-07-06T23:07:08.134635,2026-07-06T23:07:08.145609+00:00,151.2,50,bid,,,10063536
2026-07-06T23:07:09.399126,2026-07-06T23:07:09.410434+00:00,150.8,46,ask,,,10063555
2026-07-06T23:07:10.241471,2026-07-06T23:07:10.258796+00:00,151.1,50,bid,,,10063569
2026-07-06T23:07:10.545703,2026-07-06T23:07:10.555582+00:00,151.1,43,bid,,,10063573
2026-07-06T23:07:10.591807,2026-07-06T23:07:10.599928+00:00,150.8,12,ask,,,10063574
2026-07-06T23:07:10.599583,2026-07-06T23:07:10.624284+00:00,150.8,46,ask,,,10063576
2026-07-06T23:07:12.413455,2026-07-06T23:07:12.425296+00:00,150.6,50,ask,,,10063602
2026-07-06T23:07:14.470580,2026-07-06T23:07:14.481979+00:00,151.0,50,bid,,,10063625
2026-07-06T23:07:16.651286,2026-07-06T23:07:16.658573+00:00,150.8,50,ask,,,10063659
2026-07-06T23:07:17.962316,2026-07-06T23:07:17.974211+00:00,150.8,47,ask,,,10063674
2026-07-06T23:07:19.044721,2026-07-06T23:07:19.048369+00:00,150.9,49,bid,,,10063689
2026-07-06T23:07:20.048485,2026-07-06T23:07:20.038321+00:00,150.6,48,ask,,,10063703
2026-07-06T23:07:20.961216,2026-07-06T23:07:20.972754+00:00,150.9,44,bid,,,10063714
2026-07-06T23:07:22.861095,2026-07-06T23:07:22.872712+00:00,150.5,47,ask,,,10063738
2026-07-06T23:07:22.980441,2026-07-06T23:07:22.987210+00:00,150.5,50,ask,,,10063739
2026-07-06T23:07:25.035495,2026-07-06T23:07:25.042312+00:00,150.7,50,bid,,,10063761
2026-07-06T23:07:26.322536,2026-07-06T23:07:26.330425+00:00,150.7,48,bid,,,10063770
2026-07-06T23:07:27.191703,2026-07-06T23:07:27.199682+00:00,150.2,50,ask,,,10063782
2026-07-06T23:07:28.832930,2026-07-06T23:07:28.844842+00:00,150.2,43,ask,,,10063806
2026-07-06T23:07:29.246957,2026-07-06T23:07:29.258610+00:00,150.5,50,bid,,,10063810
2026-07-06T23:07:29.911487,2026-07-06T23:07:29.922997+00:00,150.5,46,bid,,,10063817
2026-07-06T23:07:30.424486,2026-07-06T23:07:30.436033+00:00,150.2,43,ask,,,10063821
2026-07-06T23:07:31.358917,2026-07-06T23:07:31.370397+00:00,150.4,50,bid,,,10063835
2026-07-06T23:07:32.516819,2026-07-06T23:07:32.525019+00:00,150.4,49,bid,,,10063860
2026-07-06T23:07:33.518741,2026-07-06T23:07:33.530207+00:00,150.3,50,ask,,,10063875
2026-07-06T23:07:35.631296,2026-07-06T23:07:35.640263+00:00,150.3,50,ask,,,10063894
2026-07-06T23:07:37.233988,2026-07-06T23:07:37.242146+00:00,150.3,11,ask,,,10063913
2026-07-06T23:07:37.395602,2026-07-06T23:07:37.407222+00:00,150.3,39,ask,,,10063917
2026-07-06T23:07:37.395602,2026-07-06T23:07:37.407222+00:00,150.0,4,ask,,,10063918
2026-07-06T23:07:37.738365,2026-07-06T23:07:37.758615+00:00,150.0,50,ask,,,10063923
2026-07-06T23:07:41.952267,2026-07-06T23:07:41.963929+00:00,149.8,50,ask,,,10063972
2026-07-06T23:07:43.269604,2026-07-06T23:07:43.290165+00:00,150.1,11,bid,,,10063988
2026-07-06T23:07:43.925333,2026-07-06T23:07:43.933312+00:00,150.0,12,bid,,,10063998
2026-07-06T23:07:44.546394,2026-07-06T23:07:44.563628+00:00,150.0,45,bid,,,10064009
2026-07-06T23:07:44.798053,2026-07-06T23:07:44.809643+00:00,150.0,43,bid,,,10064011
2026-07-06T23:07:46.159932,2026-07-06T23:07:46.171756+00:00,150.1,50,ask,,,10064031
2026-07-06T23:07:47.932629,2026-07-06T23:07:47.963670+00:00,150.5,43,bid,,,10064058
2026-07-06T23:07:47.988630,2026-07-06T23:07:48.000415+00:00,150.0,40,ask,,,10064059
2026-07-06T23:07:48.076150,2026-07-06T23:07:48.085901+00:00,150.1,11,bid,,,10064061
2026-07-06T23:07:49.058333,2026-07-06T23:07:49.069750+00:00,150.1,47,bid,,,10064074
2026-07-06T23:07:49.310885,2026-07-06T23:07:49.319714+00:00,150.1,11,bid,,,10064078
2026-07-06T23:07:49.916578,2026-07-06T23:07:49.924821+00:00,150.1,12,bid,,,10064086
2026-07-06T23:07:50.184733,2026-07-06T23:07:50.196310+00:00,150.1,69,bid,,,10064097
2026-07-06T23:07:50.251979,2026-07-06T23:07:50.263635+00:00,150.4,23,ask,,,10064098
2026-07-06T23:07:50.317648,2026-07-06T23:07:50.329747+00:00,150.9,50,bid,,,10064100
2026-07-06T23:07:52.426576,2026-07-06T23:07:52.438129+00:00,150.9,50,bid,,,10064122
2026-07-06T23:07:53.952214,2026-07-06T23:07:53.963965+00:00,150.4,44,ask,,,10064136
2026-07-06T23:07:54.532714,2026-07-06T23:07:54.544407+00:00,150.7,50,bid,,,10064139
2026-07-06T23:07:55.438884,2026-07-06T23:07:55.458812+00:00,150.7,47,bid,,,10064159
2026-07-06T23:07:56.691013,2026-07-06T23:07:56.702612+00:00,150.5,50,ask,,,10064181
2026-07-06T23:07:57.454078,2026-07-06T23:07:57.458606+00:00,151.0,100,bid,,,10064198
2026-07-06T23:07:57.519824,2026-07-06T23:07:57.526922+00:00,151.1,11,ask,,,10064199
2026-07-06T23:07:58.025872,2026-07-06T23:07:58.058622+00:00,151.1,39,ask,,,10064206
2026-07-06T23:07:58.025872,2026-07-06T23:07:58.058622+00:00,150.5,4,ask,,,10064207
2026-07-06T23:07:58.798089,2026-07-06T23:07:58.809837+00:00,150.5,46,ask,,,10064218
2026-07-06T23:08:00.905258,2026-07-06T23:08:00.916630+00:00,150.6,50,ask,,,10064241
2026-07-06T23:08:01.563969,2026-07-06T23:08:01.576083+00:00,150.7,45,bid,,,10064244
2026-07-06T23:08:03.014644,2026-07-06T23:08:03.026028+00:00,150.5,50,ask,,,10064266
2026-07-06T23:08:05.110715,2026-07-06T23:08:05.122158+00:00,150.5,46,ask,,,10064294
2026-07-06T23:08:06.980223,2026-07-06T23:08:06.986854+00:00,150.7,40,ask,,,10064320
2026-07-06T23:08:07.176535,2026-07-06T23:08:07.187968+00:00,150.9,50,bid,,,10064323
2026-07-06T23:08:09.335419,2026-07-06T23:08:09.346329+00:00,150.7,50,ask,,,10064350
2026-07-06T23:08:11.348671,2026-07-06T23:08:11.358566+00:00,151.0,40,bid,,,10064379
2026-07-06T23:08:11.390451,2026-07-06T23:08:11.400697+00:00,151.0,50,bid,,,10064381
2026-07-06T23:08:11.967362,2026-07-06T23:08:11.979020+00:00,151.0,44,bid,,,10064385
2026-07-06T23:08:13.264613,2026-07-06T23:08:13.272898+00:00,151.1,100,bid,,,10064399
2026-07-06T23:08:15.072691,2026-07-06T23:08:15.084254+00:00,151.2,46,ask,,,10064423
2026-07-06T23:08:15.267846,2026-07-06T23:08:15.276096+00:00,151.2,4,ask,,,10064424
2026-07-06T23:08:15.588292,2026-07-06T23:08:15.600128+00:00,151.0,43,ask,,,10064431
2026-07-06T23:08:15.607261,2026-07-06T23:08:15.614119+00:00,151.5,50,bid,,,10064432
2026-07-06T23:08:16.478079,2026-07-06T23:08:16.484929+00:00,151.0,57,ask,,,10064443
2026-07-06T23:08:16.490991,2026-07-06T23:08:16.499315+00:00,150.9,4,bid,,,10064444
2026-07-06T23:08:17.288266,2026-07-06T23:08:17.299796+00:00,150.9,47,bid,,,10064461
2026-07-06T23:08:17.713977,2026-07-06T23:08:17.725833+00:00,150.9,42,bid,,,10064464
2026-07-06T23:08:17.713977,2026-07-06T23:08:17.725833+00:00,151.5,8,bid,,,10064465
2026-07-06T23:08:19.874667,2026-07-06T23:08:19.882014+00:00,150.8,50,ask,,,10064494
2026-07-06T23:08:21.989313,2026-07-06T23:08:21.996700+00:00,150.8,50,ask,,,10064517
2026-07-06T23:08:22.040678,2026-07-06T23:08:22.063882+00:00,151.2,48,bid,,,10064518
2026-07-06T23:08:24.095826,2026-07-06T23:08:24.107557+00:00,150.7,50,ask,,,10064542
2026-07-06T23:08:26.201902,2026-07-06T23:08:26.213510+00:00,150.9,50,ask,,,10064572
2026-07-06T23:08:28.259077,2026-07-06T23:08:28.270579+00:00,151.1,50,bid,,,10064595
2026-07-06T23:08:30.367515,2026-07-06T23:08:30.378941+00:00,151.3,50,bid,,,10064623
2026-07-06T23:08:32.219595,2026-07-06T23:08:32.227166+00:00,150.9,48,ask,,,10064643
2026-07-06T23:08:32.474102,2026-07-06T23:08:32.483018+00:00,151.4,50,bid,,,10064651
2026-07-06T23:08:34.580443,2026-07-06T23:08:34.592043+00:00,151.3,50,bid,,,10064670
2026-07-06T23:08:37.934999,2026-07-06T23:08:37.964211+00:00,150.9,46,ask,,,10064711
2026-07-06T23:08:38.846527,2026-07-06T23:08:38.858601+00:00,150.9,50,ask,,,10064727
2026-07-06T23:08:39.023284,2026-07-06T23:08:39.034955+00:00,150.9,45,ask,,,10064729
2026-07-06T23:08:40.953362,2026-07-06T23:08:40.942237+00:00,150.7,50,ask,,,10064753
2026-07-06T23:08:41.070116,2026-07-06T23:08:41.076873+00:00,151.1,42,bid,,,10064758
2026-07-06T23:08:43.064023,2026-07-06T23:08:43.075503+00:00,150.8,50,ask,,,10064788
2026-07-06T23:08:43.183638,2026-07-06T23:08:43.195086+00:00,151.2,49,bid,,,10064789
2026-07-06T23:08:43.759171,2026-07-06T23:08:43.769699+00:00,151.2,47,bid,,,10064798
2026-07-06T23:08:45.120349,2026-07-06T23:08:45.133470+00:00,151.0,50,bid,,,10064817
2026-07-06T23:08:47.279116,2026-07-06T23:08:47.290867+00:00,150.6,50,ask,,,10064839
2026-07-06T23:08:49.386587,2026-07-06T23:08:49.396482+00:00,150.8,50,ask,,,10064875
2026-07-06T23:08:51.010094,2026-07-06T23:08:51.021629+00:00,150.8,47,ask,,,10064892
2026-07-06T23:08:51.495621,2026-07-06T23:08:51.506057+00:00,150.8,50,ask,,,10064897
2026-07-06T23:08:53.313123,2026-07-06T23:08:53.321195+00:00,151.2,11,bid,,,10064931
2026-07-06T23:08:53.551080,2026-07-06T23:08:53.558558+00:00,151.2,50,bid,,,10064936
2026-07-06T23:08:55.657695,2026-07-06T23:08:55.666475+00:00,151.4,50,bid,,,10064957
2026-07-06T23:08:56.644286,2026-07-06T23:08:56.655760+00:00,151.1,44,ask,,,10064976
2026-07-06T23:08:57.764112,2026-07-06T23:08:57.775529+00:00,151.4,50,bid,,,10065001
2026-07-06T23:09:04.128877,2026-07-06T23:09:04.140419+00:00,151.0,50,ask,,,10065080
2026-07-06T23:09:06.184492,2026-07-06T23:09:06.195213+00:00,151.5,50,bid,,,10065109
2026-07-06T23:09:08.291060,2026-07-06T23:09:08.302793+00:00,151.5,50,bid,,,10065134
2026-07-06T23:09:09.568540,2026-07-06T23:09:09.580011+00:00,151.9,49,bid,,,10065156
2026-07-06T23:09:10.213736,2026-07-06T23:09:10.224513+00:00,151.9,100,bid,,,10065166
2026-07-06T23:09:10.279030,2026-07-06T23:09:10.287949+00:00,151.9,11,ask,,,10065167
2026-07-06T23:09:10.347649,2026-07-06T23:09:10.355689+00:00,151.9,12,ask,,,10065169
2026-07-06T23:09:10.418366,2026-07-06T23:09:10.425753+00:00,152.4,50,bid,,,10065171
2026-07-06T23:09:10.451936,2026-07-06T23:09:10.460009+00:00,151.9,11,ask,,,10065172
2026-07-06T23:09:12.524758,2026-07-06T23:09:12.536498+00:00,152.4,50,bid,,,10065191
2026-07-06T23:09:13.767625,2026-07-06T23:09:13.779056+00:00,151.6,44,ask,,,10065212
2026-07-06T23:09:14.632696,2026-07-06T23:09:14.640515+00:00,152.1,50,bid,,,10065227
2026-07-06T23:09:16.748358,2026-07-06T23:09:16.763945+00:00,152.1,50,bid,,,10065254
2026-07-06T23:09:20.966353,2026-07-06T23:09:20.976052+00:00,152.0,50,bid,,,10065303
2026-07-06T23:09:21.864891,2026-07-06T23:09:21.876744+00:00,151.7,42,ask,,,10065314
2026-07-06T23:09:23.135596,2026-07-06T23:09:23.148488+00:00,151.6,50,ask,,,10065331
2026-07-06T23:09:23.802625,2026-07-06T23:09:23.814137+00:00,152.0,43,bid,,,10065343
2026-07-06T23:09:24.275108,2026-07-06T23:09:24.283245+00:00,152.0,40,bid,,,10065350
2026-07-06T23:09:25.242796,2026-07-06T23:09:25.263842+00:00,151.8,50,ask,,,10065360
2026-07-06T23:09:27.352290,2026-07-06T23:09:27.350636+00:00,151.8,50,ask,,,10065388
2026-07-06T23:09:30.902318,2026-07-06T23:09:30.913844+00:00,151.6,46,ask,,,10065428
2026-07-06T23:09:31.511812,2026-07-06T23:09:31.519158+00:00,152.1,50,bid,,,10065437
2026-07-06T23:09:33.618283,2026-07-06T23:09:33.629013+00:00,152.3,50,bid,,,10065461
2026-07-06T23:09:34.538387,2026-07-06T23:09:34.558832+00:00,152.3,44,bid,,,10065475
2026-07-06T23:09:35.867392,2026-07-06T23:09:35.874514+00:00,151.7,41,ask,,,10065495
2026-07-06T23:09:36.384927,2026-07-06T23:09:36.395086+00:00,152.1,45,bid,,,10065502
2026-07-06T23:09:39.982157,2026-07-06T23:09:39.988716+00:00,151.8,50,ask,,,10065539
2026-07-06T23:09:40.727607,2026-07-06T23:09:40.739077+00:00,151.8,43,ask,,,10065547
2026-07-06T23:09:41.214365,2026-07-06T23:09:41.225862+00:00,151.8,48,ask,,,10065554
2026-07-06T23:09:41.823050,2026-07-06T23:09:41.832755+00:00,151.9,11,bid,,,10065561
2026-07-06T23:09:42.088979,2026-07-06T23:09:42.100652+00:00,151.6,50,ask,,,10065569
2026-07-06T23:09:42.806996,2026-07-06T23:09:42.818473+00:00,151.9,44,bid,,,10065578
2026-07-06T23:09:45.638180,2026-07-06T23:09:45.649970+00:00,151.9,46,bid,,,10065615
2026-07-06T23:09:48.403423,2026-07-06T23:09:48.415037+00:00,151.7,50,ask,,,10065638
2026-07-06T23:09:50.510659,2026-07-06T23:09:50.522163+00:00,151.7,50,ask,,,10065663
2026-07-06T23:09:50.702205,2026-07-06T23:09:50.712781+00:00,152.0,49,bid,,,10065666
2026-07-06T23:09:51.191527,2026-07-06T23:09:51.199089+00:00,151.7,42,ask,,,10065677
2026-07-06T23:09:51.617526,2026-07-06T23:09:51.626774+00:00,152.0,11,ask,,,10065685
2026-07-06T23:09:52.617318,2026-07-06T23:09:52.629075+00:00,152.0,50,ask,,,10065699
2026-07-06T23:09:53.697559,2026-07-06T23:09:53.709126+00:00,152.0,89,ask,,,10065717
2026-07-06T23:09:53.833371,2026-07-06T23:09:53.858606+00:00,151.4,46,ask,,,10065719
2026-07-06T23:09:54.432034,2026-07-06T23:09:54.458588+00:00,151.9,11,bid,,,10065722
2026-07-06T23:09:54.560519,2026-07-06T23:09:54.568414+00:00,151.7,11,bid,,,10065723
2026-07-06T23:09:54.732300,2026-07-06T23:09:54.741252+00:00,151.4,50,ask,,,10065728
2026-07-06T23:09:56.288554,2026-07-06T23:09:56.300190+00:00,151.7,45,bid,,,10065749
2026-07-06T23:09:57.873900,2026-07-06T23:09:57.885412+00:00,151.7,43,bid,,,10065769
2026-07-06T23:09:58.943063,2026-07-06T23:09:58.952571+00:00,151.5,50,ask,,,10065783
2026-07-06T23:10:01.050559,2026-07-06T23:10:01.056994+00:00,151.4,50,ask,,,10065814
2026-07-06T23:10:03.165498,2026-07-06T23:10:03.174875+00:00,151.2,50,ask,,,10065847
2026-07-06T23:10:04.044703,2026-07-06T23:10:04.052905+00:00,151.4,12,bid,,,10065853
2026-07-06T23:10:05.219897,2026-07-06T23:10:05.231352+00:00,151.4,50,bid,,,10065868
2026-07-06T23:10:05.459441,2026-07-06T23:10:05.467777+00:00,151.4,22,bid,,,10065872
2026-07-06T23:10:05.515766,2026-07-06T23:10:05.525172+00:00,151.0,44,ask,,,10065876
2026-07-06T23:10:05.979278,2026-07-06T23:10:05.991163+00:00,151.4,43,bid,,,10065883
2026-07-06T23:10:07.144856,2026-07-06T23:10:07.150803+00:00,151.4,100,bid,,,10065900
2026-07-06T23:10:07.401871,2026-07-06T23:10:07.409798+00:00,151.4,11,ask,,,10065903
2026-07-06T23:10:07.413394,2026-07-06T23:10:07.425255+00:00,151.4,39,ask,,,10065905
2026-07-06T23:10:07.413394,2026-07-06T23:10:07.425255+00:00,150.9,11,ask,,,10065906
2026-07-06T23:10:08.187203,2026-07-06T23:10:08.198909+00:00,150.9,46,ask,,,10065920
2026-07-06T23:10:10.520499,2026-07-06T23:10:10.532051+00:00,151.1,46,ask,,,10065945
2026-07-06T23:10:12.690792,2026-07-06T23:10:12.702293+00:00,151.5,46,bid,,,10065965
2026-07-06T23:10:13.321966,2026-07-06T23:10:13.330237+00:00,151.5,11,bid,,,10065971
2026-07-06T23:10:13.681386,2026-07-06T23:10:13.692842+00:00,151.5,50,bid,,,10065975
2026-07-06T23:10:14.725898,2026-07-06T23:10:14.737469+00:00,151.3,40,ask,,,10065989
2026-07-06T23:10:15.841493,2026-07-06T23:10:15.853261+00:00,151.3,50,ask,,,10065993
2026-07-06T23:10:16.701488,2026-07-06T23:10:16.706647+00:00,151.4,12,bid,,,10065999
2026-07-06T23:10:17.949388,2026-07-06T23:10:17.963677+00:00,151.3,50,ask,,,10066015
2026-07-06T23:10:18.922512,2026-07-06T23:10:18.929269+00:00,151.4,47,bid,,,10066022
2026-07-06T23:10:19.384343,2026-07-06T23:10:19.395713+00:00,151.2,41,ask,,,10066029
2026-07-06T23:10:20.452219,2026-07-06T23:10:20.456651+00:00,151.7,40,bid,,,10066036
2026-07-06T23:10:20.937189,2026-07-06T23:10:20.948807+00:00,151.7,48,bid,,,10066046
2026-07-06T23:10:22.165246,2026-07-06T23:10:22.174863+00:00,151.3,50,ask,,,10066062
2026-07-06T23:10:24.286621,2026-07-06T23:10:24.298428+00:00,151.3,50,ask,,,10066077
2026-07-06T23:10:25.313363,2026-07-06T23:10:25.325170+00:00,151.3,100,ask,,,10066093
2026-07-06T23:10:26.341358,2026-07-06T23:10:26.352846+00:00,151.1,50,bid,,,10066106
2026-07-06T23:10:26.450578,2026-07-06T23:10:26.458568+00:00,151.1,17,bid,,,10066107
2026-07-06T23:10:27.948923,2026-07-06T23:10:27.969482+00:00,151.1,41,bid,,,10066126
2026-07-06T23:10:28.423063,2026-07-06T23:10:28.434562+00:00,151.1,42,bid,,,10066128
2026-07-06T23:10:29.672391,2026-07-06T23:10:29.683837+00:00,151.6,49,ask,,,10066142
2026-07-06T23:10:29.743230,2026-07-06T23:10:29.758746+00:00,151.6,6,ask,,,10066143
2026-07-06T23:10:31.819463,2026-07-06T23:10:31.828370+00:00,151.6,43,ask,,,10066178
2026-07-06T23:10:32.407369,2026-07-06T23:10:32.418848+00:00,151.6,45,ask,,,10066184
2026-07-06T23:10:32.657823,2026-07-06T23:10:32.667649+00:00,151.5,50,bid,,,10066190
2026-07-06T23:10:33.006618,2026-07-06T23:10:33.014503+00:00,151.5,6,bid,,,10066202
2026-07-06T23:10:34.764655,2026-07-06T23:10:34.776220+00:00,151.5,50,bid,,,10066222
2026-07-06T23:10:35.680230,2026-07-06T23:10:35.691714+00:00,151.7,42,bid,,,10066232
2026-07-06T23:10:36.871259,2026-07-06T23:10:36.882773+00:00,151.7,50,bid,,,10066249
2026-07-06T23:10:37.929261,2026-07-06T23:10:37.964178+00:00,151.8,100,bid,,,10066268
2026-07-06T23:10:38.525867,2026-07-06T23:10:38.535031+00:00,151.8,44,bid,,,10066274
2026-07-06T23:10:38.801923,2026-07-06T23:10:38.810436+00:00,152.0,51,ask,,,10066275
2026-07-06T23:10:38.992575,2026-07-06T23:10:39.004165+00:00,152.3,50,bid,,,10066277
2026-07-06T23:10:40.880490,2026-07-06T23:10:40.889296+00:00,152.0,12,ask,,,10066306
2026-07-06T23:10:40.970072,2026-07-06T23:10:40.981688+00:00,152.0,45,ask,,,10066309
2026-07-06T23:10:41.099659,2026-07-06T23:10:41.107439+00:00,152.5,50,bid,,,10066310
2026-07-06T23:10:41.143925,2026-07-06T23:10:41.163824+00:00,152.0,42,ask,,,10066311
2026-07-06T23:10:43.206843,2026-07-06T23:10:43.218649+00:00,151.9,50,bid,,,10066330
2026-07-06T23:10:43.952206,2026-07-06T23:10:43.963817+00:00,151.5,48,ask,,,10066339
2026-07-06T23:10:45.315818,2026-07-06T23:10:45.327361+00:00,152.0,50,bid,,,10066354
2026-07-06T23:10:46.591485,2026-07-06T23:10:46.603374+00:00,152.0,45,bid,,,10066367
2026-07-06T23:10:47.190844,2026-07-06T23:10:47.202749+00:00,152.0,42,bid,,,10066377
2026-07-06T23:10:47.427158,2026-07-06T23:10:47.438207+00:00,152.0,13,bid,,,10066387
2026-07-06T23:10:49.542223,2026-07-06T23:10:49.554319+00:00,152.2,50,bid,,,10066418
2026-07-06T23:10:51.649823,2026-07-06T23:10:51.663944+00:00,152.3,50,bid,,,10066444
2026-07-06T23:10:53.809453,2026-07-06T23:10:53.820865+00:00,151.9,50,ask,,,10066483
2026-07-06T23:10:54.566944,2026-07-06T23:10:54.585312+00:00,151.9,43,ask,,,10066494
2026-07-06T23:10:55.916648,2026-07-06T23:10:55.928266+00:00,151.9,50,ask,,,10066508
2026-07-06T23:10:57.989918,2026-07-06T23:10:58.001354+00:00,151.8,41,ask,,,10066540
2026-07-06T23:10:58.988165,2026-07-06T23:10:58.999589+00:00,152.3,43,bid,,,10066558
2026-07-06T23:11:00.127072,2026-07-06T23:11:00.132554+00:00,151.8,50,ask,,,10066566
2026-07-06T23:11:01.555704,2026-07-06T23:11:01.567217+00:00,151.9,47,bid,,,10066582
2026-07-06T23:11:02.181461,2026-07-06T23:11:02.192963+00:00,151.9,50,bid,,,10066590
2026-07-06T23:11:03.083444,2026-07-06T23:11:03.095079+00:00,151.8,42,ask,,,10066601
2026-07-06T23:11:03.183293,2026-07-06T23:11:03.191168+00:00,151.9,12,bid,,,10066604
2026-07-06T23:11:03.622841,2026-07-06T23:11:03.634747+00:00,151.7,48,ask,,,10066611
2026-07-06T23:11:04.664136,2026-07-06T23:11:04.674413+00:00,152.0,46,ask,,,10066621
2026-07-06T23:11:06.452817,2026-07-06T23:11:06.469620+00:00,152.0,50,ask,,,10066647
2026-07-06T23:11:06.506781,2026-07-06T23:11:06.518372+00:00,152.0,54,ask,,,10066648
2026-07-06T23:11:08.565871,2026-07-06T23:11:08.576824+00:00,151.4,50,ask,,,10066679
2026-07-06T23:11:12.376046,2026-07-06T23:11:12.385186+00:00,151.9,11,bid,,,10066722
2026-07-06T23:11:15.041758,2026-07-06T23:11:15.050575+00:00,152.1,41,bid,,,10066752
2026-07-06T23:11:15.626881,2026-07-06T23:11:15.638743+00:00,152.1,43,bid,,,10066757
2026-07-06T23:11:16.102693,2026-07-06T23:11:16.114280+00:00,152.1,47,bid,,,10066768
2026-07-06T23:11:16.761771,2026-07-06T23:11:16.773286+00:00,152.2,100,bid,,,10066775
2026-07-06T23:11:16.829894,2026-07-06T23:11:16.839734+00:00,152.3,11,ask,,,10066776
2026-07-06T23:11:16.935287,2026-07-06T23:11:16.941944+00:00,152.8,50,bid,,,10066778
2026-07-06T23:11:17.576040,2026-07-06T23:11:17.584169+00:00,152.3,12,ask,,,10066799
2026-07-06T23:11:17.638908,2026-07-06T23:11:17.646757+00:00,152.3,11,ask,,,10066802
2026-07-06T23:11:17.673802,2026-07-06T23:11:17.685330+00:00,152.3,16,ask,,,10066804
2026-07-06T23:11:17.673802,2026-07-06T23:11:17.685330+00:00,151.7,31,ask,,,10066805
2026-07-06T23:11:19.104004,2026-07-06T23:11:19.112789+00:00,151.9,50,ask,,,10066818
2026-07-06T23:11:21.159451,2026-07-06T23:11:21.169207+00:00,152.3,50,bid,,,10066845
2026-07-06T23:11:21.823666,2026-07-06T23:11:21.834843+00:00,152.3,44,bid,,,10066854
2026-07-06T23:11:22.422220,2026-07-06T23:11:22.433096+00:00,151.8,49,ask,,,10066860
2026-07-06T23:11:23.281904,2026-07-06T23:11:23.293590+00:00,152.3,50,bid,,,10066873
2026-07-06T23:11:24.189614,2026-07-06T23:11:24.197933+00:00,152.3,23,bid,,,10066887
2026-07-06T23:11:25.042474,2026-07-06T23:11:25.064136+00:00,151.9,43,ask,,,10066899
2026-07-06T23:11:25.390760,2026-07-06T23:11:25.397214+00:00,152.4,50,bid,,,10066903
2026-07-06T23:11:26.000566,2026-07-06T23:11:26.012345+00:00,152.4,44,bid,,,10066911
2026-07-06T23:11:28.602965,2026-07-06T23:11:28.610561+00:00,152.2,44,ask,,,10066940
2026-07-06T23:11:29.652612,2026-07-06T23:11:29.664346+00:00,152.1,50,ask,,,10066955
2026-07-06T23:11:31.242275,2026-07-06T23:11:31.258571+00:00,152.6,46,bid,,,10066972
2026-07-06T23:11:31.758718,2026-07-06T23:11:31.770615+00:00,152.1,50,ask,,,10066981
2026-07-06T23:11:32.753918,2026-07-06T23:11:32.754904+00:00,152.4,40,bid,,,10066993
2026-07-06T23:11:33.381835,2026-07-06T23:11:33.391700+00:00,152.0,45,ask,,,10066996
2026-07-06T23:11:34.018464,2026-07-06T23:11:34.030426+00:00,152.4,49,bid,,,10067006
2026-07-06T23:11:35.807111,2026-07-06T23:11:35.819562+00:00,152.4,12,ask,,,10067025
2026-07-06T23:11:35.810084,2026-07-06T23:11:35.819562+00:00,152.4,88,ask,,,10067026
2026-07-06T23:11:37.595491,2026-07-06T23:11:37.607141+00:00,151.8,41,ask,,,10067047
2026-07-06T23:11:38.026567,2026-07-06T23:11:38.063836+00:00,152.3,50,bid,,,10067053
2026-07-06T23:11:40.134950,2026-07-06T23:11:40.146903+00:00,152.5,50,bid,,,10067085
2026-07-06T23:11:40.938774,2026-07-06T23:11:40.958618+00:00,152.5,47,bid,,,10067097
2026-07-06T23:11:42.062668,2026-07-06T23:11:42.070663+00:00,152.4,43,ask,,,10067106
2026-07-06T23:11:42.245135,2026-07-06T23:11:42.252194+00:00,152.6,50,bid,,,10067109
2026-07-06T23:11:42.716196,2026-07-06T23:11:42.725805+00:00,152.4,40,ask,,,10067114
2026-07-06T23:11:44.351727,2026-07-06T23:11:44.358579+00:00,152.6,50,bid,,,10067130
2026-07-06T23:11:45.259404,2026-07-06T23:11:45.267809+00:00,152.6,11,ask,,,10067141
2026-07-06T23:11:45.516402,2026-07-06T23:11:45.528115+00:00,152.6,42,ask,,,10067147
2026-07-06T23:11:46.461707,2026-07-06T23:11:46.473168+00:00,152.7,50,bid,,,10067157
2026-07-06T23:11:46.498379,2026-07-06T23:11:46.506298+00:00,152.6,12,ask,,,10067159
2026-07-06T23:11:47.059137,2026-07-06T23:11:47.070811+00:00,152.7,49,bid,,,10067171
2026-07-06T23:11:47.809351,2026-07-06T23:11:47.818466+00:00,153.0,11,ask,,,10067185
2026-07-06T23:11:47.965220,2026-07-06T23:11:47.975280+00:00,153.0,3,ask,,,10067189
2026-07-06T23:11:48.463425,2026-07-06T23:11:48.472988+00:00,153.0,86,ask,,,10067198
2026-07-06T23:11:48.621868,2026-07-06T23:11:48.633422+00:00,152.5,50,ask,,,10067200
2026-07-06T23:11:49.145055,2026-07-06T23:11:49.158593+00:00,152.5,45,ask,,,10067209
2026-07-06T23:11:50.298994,2026-07-06T23:11:50.310717+00:00,153.0,47,bid,,,10067226
2026-07-06T23:11:50.678807,2026-07-06T23:11:50.690179+00:00,153.0,17,bid,,,10067232
2026-07-06T23:11:50.808358,2026-07-06T23:11:50.816275+00:00,152.8,3,bid,,,10067233
2026-07-06T23:11:52.790214,2026-07-06T23:11:52.801729+00:00,152.8,46,bid,,,10067254
2026-07-06T23:11:52.834801,2026-07-06T23:11:52.844110+00:00,152.7,50,ask,,,10067255
2026-07-06T23:11:54.941169,2026-07-06T23:11:54.947685+00:00,152.6,50,ask,,,10067280
2026-07-06T23:11:56.998138,2026-07-06T23:11:57.009630+00:00,152.9,50,bid,,,10067303
2026-07-06T23:11:57.254224,2026-07-06T23:11:57.256630+00:00,152.4,41,ask,,,10067305
2026-07-06T23:11:59.157089,2026-07-06T23:11:59.169117+00:00,152.5,50,ask,,,10067323
2026-07-06T23:11:59.400038,2026-07-06T23:11:59.411587+00:00,152.5,47,ask,,,10067330
2026-07-06T23:11:59.615772,2026-07-06T23:11:59.623912+00:00,152.8,23,bid,,,10067333
2026-07-06T23:12:01.110372,2026-07-06T23:12:01.122148+00:00,152.6,100,ask,,,10067351
2026-07-06T23:12:01.263136,2026-07-06T23:12:01.274749+00:00,152.1,50,ask,,,10067354
2026-07-06T23:12:03.371714,2026-07-06T23:12:03.381130+00:00,152.1,50,ask,,,10067381
2026-07-06T23:12:04.876940,2026-07-06T23:12:04.885945+00:00,152.6,23,bid,,,10067408
2026-07-06T23:12:05.479637,2026-07-06T23:12:05.491248+00:00,152.2,50,ask,,,10067412
2026-07-06T23:12:07.536236,2026-07-06T23:12:07.547688+00:00,152.5,50,bid,,,10067442
2026-07-06T23:12:09.725474,2026-07-06T23:12:09.734695+00:00,152.0,50,ask,,,10067477
2026-07-06T23:12:11.779697,2026-07-06T23:12:11.791116+00:00,152.3,50,bid,,,10067507
2026-07-06T23:12:13.885643,2026-07-06T23:12:13.897114+00:00,152.3,50,bid,,,10067531
2026-07-06T23:12:15.044351,2026-07-06T23:12:15.056037+00:00,152.3,40,bid,,,10067544
2026-07-06T23:12:15.991429,2026-07-06T23:12:16.003421+00:00,152.3,50,bid,,,10067556
2026-07-06T23:12:16.871966,2026-07-06T23:12:16.883902+00:00,152.4,100,bid,,,10067567
2026-07-06T23:12:16.936082,2026-07-06T23:12:16.944121+00:00,152.4,12,ask,,,10067571
2026-07-06T23:12:18.125923,2026-07-06T23:12:18.136040+00:00,152.9,50,bid,,,10067593
2026-07-06T23:12:19.412793,2026-07-06T23:12:19.420509+00:00,152.4,23,ask,,,10067608
2026-07-06T23:12:20.236500,2026-07-06T23:12:20.248086+00:00,152.4,50,bid,,,10067622
2026-07-06T23:12:22.343505,2026-07-06T23:12:22.349878+00:00,152.4,50,bid,,,10067643
2026-07-06T23:12:24.450196,2026-07-06T23:12:24.458582+00:00,152.6,50,bid,,,10067658
2026-07-06T23:12:26.556690,2026-07-06T23:12:26.563643+00:00,152.6,50,bid,,,10067678
2026-07-06T23:12:27.609075,2026-07-06T23:12:27.621076+00:00,152.6,40,bid,,,10067689
2026-07-06T23:12:28.684805,2026-07-06T23:12:28.696326+00:00,152.3,41,ask,,,10067699
2026-07-06T23:12:28.718505,2026-07-06T23:12:28.727708+00:00,152.6,50,ask,,,10067700
2026-07-06T23:12:28.728857,2026-07-06T23:12:28.739807+00:00,152.6,11,ask,,,10067701
2026-07-06T23:12:31.947146,2026-07-06T23:12:31.964085+00:00,152.6,48,ask,,,10067732
2026-07-06T23:12:32.943656,2026-07-06T23:12:32.964017+00:00,152.6,50,ask,,,10067752
2026-07-06T23:12:34.141932,2026-07-06T23:12:34.153806+00:00,153.1,43,bid,,,10067770
2026-07-06T23:12:34.999604,2026-07-06T23:12:35.011247+00:00,153.1,50,bid,,,10067778
2026-07-06T23:12:36.526604,2026-07-06T23:12:36.538288+00:00,152.6,44,ask,,,10067795
2026-07-06T23:12:37.156297,2026-07-06T23:12:37.167778+00:00,152.6,50,ask,,,10067802
2026-07-06T23:12:38.608674,2026-07-06T23:12:38.625482+00:00,152.9,44,bid,,,10067822
2026-07-06T23:12:39.263541,2026-07-06T23:12:39.275258+00:00,152.4,50,ask,,,10067831
2026-07-06T23:12:39.268001,2026-07-06T23:12:39.275258+00:00,152.6,41,bid,,,10067832
2026-07-06T23:12:39.950493,2026-07-06T23:12:39.956768+00:00,152.4,40,ask,,,10067843
2026-07-06T23:12:40.002670,2026-07-06T23:12:40.010701+00:00,152.6,11,bid,,,10067844
2026-07-06T23:12:40.600142,2026-07-06T23:12:40.607781+00:00,152.6,43,bid,,,10067851
2026-07-06T23:12:42.139193,2026-07-06T23:12:42.145519+00:00,152.3,44,ask,,,10067872
2026-07-06T23:12:43.485483,2026-07-06T23:12:43.492380+00:00,152.7,50,ask,,,10067889
2026-07-06T23:12:45.168819,2026-07-06T23:12:45.176207+00:00,152.7,43,ask,,,10067913
2026-07-06T23:12:45.596872,2026-07-06T23:12:45.607464+00:00,152.4,50,ask,,,10067922
2026-07-06T23:12:45.811464,2026-07-06T23:12:45.820698+00:00,152.8,48,bid,,,10067925
2026-07-06T23:12:47.702910,2026-07-06T23:12:47.711829+00:00,152.4,50,ask,,,10067938
2026-07-06T23:12:48.435324,2026-07-06T23:12:48.446990+00:00,152.4,42,ask,,,10067951
2026-07-06T23:12:48.595438,2026-07-06T23:12:48.603977+00:00,152.3,35,bid,,,10067952
2026-07-06T23:12:49.810532,2026-07-06T23:12:49.818986+00:00,152.1,50,ask,,,10067968
2026-07-06T23:12:49.817742,2026-07-06T23:12:49.824166+00:00,152.3,41,bid,,,10067969
2026-07-06T23:12:51.866283,2026-07-06T23:12:51.874243+00:00,152.2,50,bid,,,10067996
2026-07-06T23:12:53.089551,2026-07-06T23:12:53.101251+00:00,152.2,40,bid,,,10068015
2026-07-06T23:12:53.971563,2026-07-06T23:12:53.983126+00:00,152.2,50,bid,,,10068027
2026-07-06T23:12:54.860364,2026-07-06T23:12:54.869030+00:00,152.3,23,ask,,,10068035
2026-07-06T23:12:55.179891,2026-07-06T23:12:55.191084+00:00,152.3,41,ask,,,10068043
2026-07-06T23:12:56.079399,2026-07-06T23:12:56.091210+00:00,152.5,50,bid,,,10068051
2026-07-06T23:12:56.150680,2026-07-06T23:12:56.163814+00:00,152.3,46,ask,,,10068056
2026-07-06T23:12:56.799682,2026-07-06T23:12:56.811354+00:00,152.5,43,bid,,,10068062
2026-07-06T23:12:58.185395,2026-07-06T23:12:58.193259+00:00,152.5,50,bid,,,10068076
2026-07-06T23:12:59.312557,2026-07-06T23:12:59.323144+00:00,152.5,41,bid,,,10068085
2026-07-06T23:13:00.292207,2026-07-06T23:13:00.300828+00:00,152.5,50,bid,,,10068093
2026-07-06T23:13:01.193703,2026-07-06T23:13:01.202752+00:00,152.4,12,ask,,,10068105
2026-07-06T23:13:02.100044,2026-07-06T23:13:02.111859+00:00,152.4,48,ask,,,10068120
2026-07-06T23:13:02.400795,2026-07-06T23:13:02.411815+00:00,152.7,50,bid,,,10068125
2026-07-06T23:13:02.714373,2026-07-06T23:13:02.726170+00:00,152.7,47,bid,,,10068129
2026-07-06T23:13:04.507187,2026-07-06T23:13:04.519034+00:00,152.9,50,bid,,,10068155
2026-07-06T23:13:04.697016,2026-07-06T23:13:04.708682+00:00,152.4,44,ask,,,10068159
2026-07-06T23:13:06.666298,2026-07-06T23:13:06.677782+00:00,152.4,50,ask,,,10068188
2026-07-06T23:13:08.774464,2026-07-06T23:13:08.786116+00:00,152.5,50,ask,,,10068211
2026-07-06T23:13:10.267489,2026-07-06T23:13:10.275455+00:00,152.4,46,ask,,,10068233
2026-07-06T23:13:10.768262,2026-07-06T23:13:10.775322+00:00,152.7,49,bid,,,10068236
2026-07-06T23:13:10.828882,2026-07-06T23:13:10.840111+00:00,152.7,50,bid,,,10068240
2026-07-06T23:13:12.936766,2026-07-06T23:13:12.898452+00:00,152.7,50,bid,,,10068264
2026-07-06T23:13:13.147117,2026-07-06T23:13:13.153411+00:00,152.7,1,bid,,,10068266
2026-07-06T23:13:13.220119,2026-07-06T23:13:13.230594+00:00,152.5,43,ask,,,10068267
2026-07-06T23:13:13.859476,2026-07-06T23:13:13.867821+00:00,152.7,11,ask,,,10068282
2026-07-06T23:13:15.165304,2026-07-06T23:13:15.174282+00:00,152.7,42,ask,,,10068301
2026-07-06T23:13:16.266459,2026-07-06T23:13:16.279078+00:00,152.7,97,ask,,,10068316
2026-07-06T23:13:17.202050,2026-07-06T23:13:17.208578+00:00,152.2,50,ask,,,10068332
2026-07-06T23:13:19.278183,2026-07-06T23:13:19.285600+00:00,152.6,50,bid,,,10068359
2026-07-06T23:13:19.647555,2026-07-06T23:13:19.655628+00:00,152.6,11,bid,,,10068365
2026-07-06T23:13:21.383822,2026-07-06T23:13:21.395397+00:00,152.9,50,bid,,,10068386
2026-07-06T23:13:21.576409,2026-07-06T23:13:21.587987+00:00,152.9,45,bid,,,10068387
2026-07-06T23:13:23.593987,2026-07-06T23:13:23.602260+00:00,152.7,11,ask,,,10068410
2026-07-06T23:13:24.729086,2026-07-06T23:13:24.736873+00:00,152.7,40,ask,,,10068425
2026-07-06T23:13:24.910553,2026-07-06T23:13:24.918617+00:00,152.7,3,ask,,,10068429
2026-07-06T23:13:25.648514,2026-07-06T23:13:25.657179+00:00,152.5,50,ask,,,10068439
2026-07-06T23:13:28.289773,2026-07-06T23:13:28.296209+00:00,152.8,48,bid,,,10068468
2026-07-06T23:13:29.388821,2026-07-06T23:13:29.400437+00:00,152.8,47,bid,,,10068474
2026-07-06T23:13:31.989527,2026-07-06T23:13:32.002713+00:00,152.8,50,ask,,,10068516
2026-07-06T23:13:34.097160,2026-07-06T23:13:34.103354+00:00,152.6,50,ask,,,10068536
2026-07-06T23:13:38.335767,2026-07-06T23:13:38.347341+00:00,152.4,50,ask,,,10068588
2026-07-06T23:13:39.331309,2026-07-06T23:13:39.339868+00:00,152.8,3,bid,,,10068604
2026-07-06T23:13:40.442485,2026-07-06T23:13:40.458624+00:00,152.4,50,ask,,,10068615
2026-07-06T23:13:42.550580,2026-07-06T23:13:42.563836+00:00,152.4,50,ask,,,10068644
2026-07-06T23:13:43.524301,2026-07-06T23:13:43.531564+00:00,152.9,49,bid,,,10068654
2026-07-06T23:13:43.579880,2026-07-06T23:13:43.588820+00:00,152.4,45,ask,,,10068656
2026-07-06T23:13:44.659047,2026-07-06T23:13:44.670306+00:00,152.4,50,ask,,,10068670
2026-07-06T23:13:44.773248,2026-07-06T23:13:44.784600+00:00,152.8,46,bid,,,10068674
2026-07-06T23:13:46.428131,2026-07-06T23:13:46.439667+00:00,152.3,40,ask,,,10068696
2026-07-06T23:13:46.767403,2026-07-06T23:13:46.779106+00:00,152.3,50,ask,,,10068700
2026-07-06T23:13:47.965040,2026-07-06T23:13:47.974041+00:00,152.4,23,bid,,,10068714
2026-07-06T23:13:48.823350,2026-07-06T23:13:48.834671+00:00,152.4,50,bid,,,10068729
2026-07-06T23:13:50.223796,2026-07-06T23:13:50.232352+00:00,152.4,11,bid,,,10068752
2026-07-06T23:13:50.752758,2026-07-06T23:13:50.764183+00:00,152.1,46,ask,,,10068763
2026-07-06T23:13:50.929778,2026-07-06T23:13:50.941611+00:00,152.4,16,bid,,,10068771
2026-07-06T23:13:50.929778,2026-07-06T23:13:50.941611+00:00,152.6,34,bid,,,10068772
2026-07-06T23:13:52.981836,2026-07-06T23:13:52.993775+00:00,152.6,43,bid,,,10068787
2026-07-06T23:13:54.089770,2026-07-06T23:13:54.098595+00:00,152.6,47,bid,,,10068800
2026-07-06T23:13:55.193074,2026-07-06T23:13:55.204883+00:00,152.4,50,ask,,,10068819
2026-07-06T23:13:57.298266,2026-07-06T23:13:57.309384+00:00,152.4,50,ask,,,10068851
2026-07-06T23:13:59.403830,2026-07-06T23:13:59.415292+00:00,152.3,50,ask,,,10068877
2026-07-06T23:13:59.469077,2026-07-06T23:13:59.479479+00:00,152.3,46,ask,,,10068880
2026-07-06T23:13:59.908966,2026-07-06T23:13:59.917852+00:00,152.6,12,bid,,,10068888
2026-07-06T23:14:01.122268,2026-07-06T23:14:01.130005+00:00,152.6,11,bid,,,10068905
2026-07-06T23:14:02.180655,2026-07-06T23:14:02.192575+00:00,152.9,48,bid,,,10068918
2026-07-06T23:14:02.803086,2026-07-06T23:14:02.811243+00:00,152.5,44,ask,,,10068928
2026-07-06T23:14:03.619344,2026-07-06T23:14:03.627136+00:00,152.5,50,ask,,,10068937
2026-07-06T23:14:03.729425,2026-07-06T23:14:03.745222+00:00,152.8,48,ask,,,10068943
2026-07-06T23:14:05.725650,2026-07-06T23:14:05.737036+00:00,152.8,50,ask,,,10068959
2026-07-06T23:14:07.472243,2026-07-06T23:14:07.484071+00:00,152.9,48,bid,,,10068982
2026-07-06T23:14:07.832258,2026-07-06T23:14:07.843772+00:00,152.5,50,ask,,,10068987
2026-07-06T23:14:07.962448,2026-07-06T23:14:07.969502+00:00,152.9,43,bid,,,10068989
2026-07-06T23:14:08.016023,2026-07-06T23:14:08.027424+00:00,152.5,44,ask,,,10068990
2026-07-06T23:14:10.804921,2026-07-06T23:14:10.811994+00:00,152.5,11,bid,,,10069017
2026-07-06T23:14:11.011987,2026-07-06T23:14:11.023907+00:00,153.0,43,bid,,,10069020
2026-07-06T23:14:11.066716,2026-07-06T23:14:11.078264+00:00,152.5,49,ask,,,10069021
2026-07-06T23:14:11.993708,2026-07-06T23:14:12.005278+00:00,153.0,50,bid,,,10069030
2026-07-06T23:14:14.756039,2026-07-06T23:14:14.763648+00:00,152.7,41,bid,,,10069056
2026-07-06T23:14:16.204896,2026-07-06T23:14:16.216600+00:00,152.7,50,bid,,,10069067
2026-07-06T23:14:16.697757,2026-07-06T23:14:16.709494+00:00,152.7,45,bid,,,10069072
2026-07-06T23:14:17.141636,2026-07-06T23:14:17.163626+00:00,152.9,100,bid,,,10069078
2026-07-06T23:14:17.207550,2026-07-06T23:14:17.216281+00:00,152.9,22,ask,,,10069081
2026-07-06T23:14:18.070009,2026-07-06T23:14:18.078300+00:00,152.9,12,ask,,,10069091
2026-07-06T23:14:18.411654,2026-07-06T23:14:18.423426+00:00,152.9,16,ask,,,10069097
2026-07-06T23:14:18.411654,2026-07-06T23:14:18.423426+00:00,152.4,27,ask,,,10069098
2026-07-06T23:14:19.001849,2026-07-06T23:14:19.011880+00:00,152.4,43,ask,,,10069111
2026-07-06T23:14:20.074595,2026-07-06T23:14:20.085871+00:00,152.9,46,bid,,,10069126
2026-07-06T23:14:21.133520,2026-07-06T23:14:21.144187+00:00,152.4,43,ask,,,10069139
2026-07-06T23:14:22.881790,2026-07-06T23:14:22.893455+00:00,152.7,45,bid,,,10069157
2026-07-06T23:14:24.653870,2026-07-06T23:14:24.653511+00:00,152.8,50,bid,,,10069181
2026-07-06T23:14:26.759066,2026-07-06T23:14:26.770702+00:00,152.5,50,bid,,,10069209
2026-07-06T23:14:27.355313,2026-07-06T23:14:27.366782+00:00,152.1,48,ask,,,10069216
2026-07-06T23:14:27.988890,2026-07-06T23:14:28.000456+00:00,152.5,47,bid,,,10069223
2026-07-06T23:14:28.509660,2026-07-06T23:14:28.521302+00:00,152.1,46,ask,,,10069226
2026-07-06T23:14:29.041993,2026-07-06T23:14:29.050838+00:00,152.4,12,bid,,,10069229
2026-07-06T23:14:29.786685,2026-07-06T23:14:29.794337+00:00,152.4,88,bid,,,10069242
2026-07-06T23:14:29.859534,2026-07-06T23:14:29.867897+00:00,152.6,12,ask,,,10069244
2026-07-06T23:14:30.257301,2026-07-06T23:14:30.268742+00:00,152.6,41,ask,,,10069254
2026-07-06T23:14:30.792874,2026-07-06T23:14:30.804357+00:00,153.1,46,bid,,,10069261
2026-07-06T23:14:33.129406,2026-07-06T23:14:33.140749+00:00,152.3,50,ask,,,10069285
2026-07-06T23:14:34.872235,2026-07-06T23:14:34.878910+00:00,152.3,40,ask,,,10069303
2026-07-06T23:14:35.237848,2026-07-06T23:14:35.247371+00:00,152.3,10,ask,,,10069312
2026-07-06T23:14:35.237848,2026-07-06T23:14:35.247371+00:00,152.1,40,ask,,,10069313
2026-07-06T23:14:35.385202,2026-07-06T23:14:35.396728+00:00,152.6,42,bid,,,10069315
2026-07-06T23:14:37.059494,2026-07-06T23:14:37.067420+00:00,152.6,12,bid,,,10069339
2026-07-06T23:14:37.358932,2026-07-06T23:14:37.371949+00:00,152.4,50,ask,,,10069344
2026-07-06T23:14:38.077765,2026-07-06T23:14:38.084619+00:00,152.4,47,ask,,,10069353
2026-07-06T23:14:38.372370,2026-07-06T23:14:38.380536+00:00,152.6,11,bid,,,10069358
2026-07-06T23:14:38.595574,2026-07-06T23:14:38.607344+00:00,152.9,42,bid,,,10069362
2026-07-06T23:14:41.419500,2026-07-06T23:14:41.437978+00:00,152.4,43,ask,,,10069391
2026-07-06T23:14:41.517438,2026-07-06T23:14:41.529056+00:00,152.8,50,bid,,,10069392
2026-07-06T23:14:41.984655,2026-07-06T23:14:41.991653+00:00,152.7,41,bid,,,10069403
2026-07-06T23:14:43.085842,2026-07-06T23:14:43.095832+00:00,152.3,42,ask,,,10069420
2026-07-06T23:14:44.128433,2026-07-06T23:14:44.138239+00:00,152.7,42,bid,,,10069439
2026-07-06T23:14:45.141455,2026-07-06T23:14:45.158543+00:00,152.3,43,ask,,,10069452
2026-07-06T23:14:45.730693,2026-07-06T23:14:45.742503+00:00,152.4,50,bid,,,10069462
2026-07-06T23:14:46.278972,2026-07-06T23:14:46.290491+00:00,152.4,43,bid,,,10069468
2026-07-06T23:14:47.838246,2026-07-06T23:14:47.844852+00:00,152.4,50,bid,,,10069495
2026-07-06T23:14:48.497208,2026-07-06T23:14:48.509002+00:00,152.4,7,bid,,,10069502
2026-07-06T23:14:48.497208,2026-07-06T23:14:48.509002+00:00,152.8,35,bid,,,10069503
2026-07-06T23:14:49.948446,2026-07-06T23:14:49.963955+00:00,152.8,50,bid,,,10069523
2026-07-06T23:14:50.191207,2026-07-06T23:14:50.200882+00:00,152.5,23,ask,,,10069528
2026-07-06T23:14:50.783827,2026-07-06T23:14:50.790977+00:00,152.8,12,bid,,,10069540
2026-07-06T23:14:50.910369,2026-07-06T23:14:50.921998+00:00,152.8,3,bid,,,10069547
2026-07-06T23:14:52.055468,2026-07-06T23:14:52.066985+00:00,153.2,50,bid,,,10069563
2026-07-06T23:14:53.537754,2026-07-06T23:14:53.549363+00:00,152.9,46,ask,,,10069583
2026-07-06T23:14:54.161582,2026-07-06T23:14:54.173078+00:00,153.2,50,bid,,,10069593
2026-07-06T23:14:55.110697,2026-07-06T23:14:55.119888+00:00,153.1,23,ask,,,10069606
2026-07-06T23:14:56.280888,2026-07-06T23:14:56.289404+00:00,153.2,50,bid,,,10069627
2026-07-06T23:14:56.743488,2026-07-06T23:14:56.752216+00:00,153.1,12,ask,,,10069630
2026-07-06T23:14:58.438111,2026-07-06T23:14:58.458605+00:00,153.1,50,ask,,,10069653
2026-07-06T23:14:58.960527,2026-07-06T23:14:58.972067+00:00,153.2,45,bid,,,10069661
2026-07-06T23:14:59.359504,2026-07-06T23:14:59.367757+00:00,153.2,12,bid,,,10069666
2026-07-06T23:15:00.495187,2026-07-06T23:15:00.502224+00:00,153.2,43,bid,,,10069681
2026-07-06T23:15:00.495187,2026-07-06T23:15:00.507436+00:00,153.6,7,bid,,,10069682
2026-07-06T23:15:00.695493,2026-07-06T23:15:00.707123+00:00,153.4,23,ask,,,10069686
2026-07-06T23:15:01.477050,2026-07-06T23:15:01.488272+00:00,153.4,77,ask,,,10069694
2026-07-06T23:15:04.758002,2026-07-06T23:15:04.769656+00:00,153.2,50,ask,,,10069728
2026-07-06T23:15:05.690141,2026-07-06T23:15:05.701876+00:00,153.2,40,ask,,,10069742
2026-07-06T23:15:06.241746,2026-07-06T23:15:06.253384+00:00,153.2,47,ask,,,10069746
2026-07-06T23:15:06.814143,2026-07-06T23:15:06.825621+00:00,153.5,50,bid,,,10069753
2026-07-06T23:15:07.819410,2026-07-06T23:15:07.828244+00:00,153.2,11,bid,,,10069766
2026-07-06T23:15:08.211440,2026-07-06T23:15:08.223415+00:00,153.1,41,ask,,,10069770
2026-07-06T23:15:09.859546,2026-07-06T23:15:09.868336+00:00,153.2,23,bid,,,10069790
2026-07-06T23:15:10.103174,2026-07-06T23:15:10.115055+00:00,153.2,100,bid,,,10069793
2026-07-06T23:15:10.927025,2026-07-06T23:15:10.935338+00:00,153.4,11,ask,,,10069802
2026-07-06T23:15:11.075102,2026-07-06T23:15:11.085682+00:00,153.4,50,ask,,,10069805
2026-07-06T23:15:12.543776,2026-07-06T23:15:12.551498+00:00,153.4,12,ask,,,10069827
2026-07-06T23:15:13.189138,2026-07-06T23:15:13.200597+00:00,153.4,50,ask,,,10069840
2026-07-06T23:15:13.228811,2026-07-06T23:15:13.240391+00:00,153.9,41,bid,,,10069842
2026-07-06T23:15:13.318619,2026-07-06T23:15:13.328855+00:00,153.4,27,ask,,,10069843
2026-07-06T23:15:15.212332,2026-07-06T23:15:15.221185+00:00,153.3,41,bid,,,10069867
2026-07-06T23:15:15.296439,2026-07-06T23:15:15.307995+00:00,153.0,50,ask,,,10069868
2026-07-06T23:15:17.321923,2026-07-06T23:15:17.330025+00:00,153.0,12,bid,,,10069892
2026-07-06T23:15:17.351894,2026-07-06T23:15:17.363334+00:00,153.0,50,bid,,,10069894
2026-07-06T23:15:19.157337,2026-07-06T23:15:19.164161+00:00,152.9,43,ask,,,10069909
2026-07-06T23:15:21.562797,2026-07-06T23:15:21.574266+00:00,153.1,50,bid,,,10069930
2026-07-06T23:15:23.683091,2026-07-06T23:15:23.691715+00:00,153.3,50,bid,,,10069955
2026-07-06T23:15:24.345162,2026-07-06T23:15:24.363586+00:00,153.3,41,bid,,,10069964
2026-07-06T23:15:25.423363,2026-07-06T23:15:25.434753+00:00,153.3,41,bid,,,10069977
2026-07-06T23:15:26.725193,2026-07-06T23:15:26.734316+00:00,153.3,100,bid,,,10069991
2026-07-06T23:15:26.789457,2026-07-06T23:15:26.798210+00:00,153.3,23,ask,,,10069992
2026-07-06T23:15:26.954729,2026-07-06T23:15:26.966631+00:00,153.3,27,ask,,,10069994
2026-07-06T23:15:26.954729,2026-07-06T23:15:26.966631+00:00,152.8,16,ask,,,10069995
2026-07-06T23:15:27.948457,2026-07-06T23:15:27.963669+00:00,152.8,50,ask,,,10070009
2026-07-06T23:15:28.380055,2026-07-06T23:15:28.391488+00:00,152.8,34,ask,,,10070016
2026-07-06T23:15:29.347336,2026-07-06T23:15:29.353579+00:00,153.4,45,bid,,,10070028
2026-07-06T23:15:30.836988,2026-07-06T23:15:30.846423+00:00,153.2,23,bid,,,10070046
2026-07-06T23:15:32.107696,2026-07-06T23:15:32.115539+00:00,153.2,50,bid,,,10070059
2026-07-06T23:15:32.243489,2026-07-06T23:15:32.255318+00:00,153.2,77,bid,,,10070060
2026-07-06T23:15:32.763533,2026-07-06T23:15:32.775200+00:00,153.2,23,ask,,,10070066
2026-07-06T23:15:32.763533,2026-07-06T23:15:32.775200+00:00,152.7,18,ask,,,10070067
2026-07-06T23:15:33.101810,2026-07-06T23:15:33.117403+00:00,153.4,12,ask,,,10070073
2026-07-06T23:15:34.265802,2026-07-06T23:15:34.276151+00:00,153.4,50,ask,,,10070091
2026-07-06T23:15:34.617973,2026-07-06T23:15:34.625389+00:00,153.4,47,ask,,,10070097
2026-07-06T23:15:35.486125,2026-07-06T23:15:35.496343+00:00,153.4,41,ask,,,10070106
2026-07-06T23:15:36.320632,2026-07-06T23:15:36.332310+00:00,153.3,50,bid,,,10070116
2026-07-06T23:15:36.692702,2026-07-06T23:15:36.701794+00:00,153.3,41,bid,,,10070118
2026-07-06T23:15:37.331725,2026-07-06T23:15:37.343192+00:00,153.3,41,bid,,,10070124
2026-07-06T23:15:37.376097,2026-07-06T23:15:37.385587+00:00,153.3,12,bid,,,10070127
2026-07-06T23:15:38.503896,2026-07-06T23:15:38.512388+00:00,152.9,50,ask,,,10070148
2026-07-06T23:15:39.375208,2026-07-06T23:15:39.386804+00:00,153.4,100,bid,,,10070157
2026-07-06T23:15:40.359519,2026-07-06T23:15:40.369371+00:00,153.5,12,ask,,,10070170
2026-07-06T23:15:40.610762,2026-07-06T23:15:40.622376+00:00,153.5,38,ask,,,10070172
2026-07-06T23:15:40.610762,2026-07-06T23:15:40.622376+00:00,152.9,12,ask,,,10070173
2026-07-06T23:15:41.931396,2026-07-06T23:15:41.943141+00:00,153.2,41,ask,,,10070189
2026-07-06T23:15:42.719451,2026-07-06T23:15:42.731063+00:00,153.2,50,ask,,,10070204
2026-07-06T23:15:43.922180,2026-07-06T23:15:43.931080+00:00,153.4,12,bid,,,10070217
2026-07-06T23:15:43.956153,2026-07-06T23:15:43.972809+00:00,153.4,45,bid,,,10070219
2026-07-06T23:15:45.229468,2026-07-06T23:15:45.238025+00:00,153.4,11,bid,,,10070231
2026-07-06T23:15:49.040454,2026-07-06T23:15:49.058607+00:00,153.3,50,ask,,,10070275
2026-07-06T23:15:50.618096,2026-07-06T23:15:50.626704+00:00,153.3,46,ask,,,10070296
2026-07-06T23:15:51.147370,2026-07-06T23:15:51.158616+00:00,153.3,50,ask,,,10070308
2026-07-06T23:15:51.732199,2026-07-06T23:15:51.743946+00:00,153.6,46,bid,,,10070316
2026-07-06T23:15:52.113937,2026-07-06T23:15:52.122721+00:00,153.3,12,bid,,,10070323
2026-07-06T23:15:52.362431,2026-07-06T23:15:52.373884+00:00,153.1,47,ask,,,10070327
2026-07-06T23:15:54.929724,2026-07-06T23:15:54.941515+00:00,153.3,43,bid,,,10070355
2026-07-06T23:15:55.358361,2026-07-06T23:15:55.369871+00:00,153.1,50,ask,,,10070360
2026-07-06T23:15:57.073515,2026-07-06T23:15:57.081495+00:00,153.5,43,bid,,,10070387
2026-07-06T23:15:57.416424,2026-07-06T23:15:57.428444+00:00,153.5,50,bid,,,10070391
2026-07-06T23:15:57.602835,2026-07-06T23:15:57.614308+00:00,153.5,49,bid,,,10070393
2026-07-06T23:15:57.867925,2026-07-06T23:15:57.880226+00:00,153.5,8,bid,,,10070399
2026-07-06T23:15:58.372707,2026-07-06T23:15:58.381864+00:00,153.7,100,bid,,,10070405
2026-07-06T23:15:58.436056,2026-07-06T23:15:58.442456+00:00,154.1,20,ask,,,10070406
2026-07-06T23:15:58.506114,2026-07-06T23:15:58.514237+00:00,154.1,23,ask,,,10070410
2026-07-06T23:15:59.524604,2026-07-06T23:15:59.531305+00:00,154.6,50,bid,,,10070424
2026-07-06T23:16:01.630291,2026-07-06T23:16:01.639963+00:00,154.3,50,bid,,,10070446
2026-07-06T23:16:03.736364,2026-07-06T23:16:03.747883+00:00,154.3,50,bid,,,10070471
2026-07-06T23:16:05.843960,2026-07-06T23:16:05.852293+00:00,154.3,50,bid,,,10070495
2026-07-06T23:16:06.023144,2026-07-06T23:16:06.034913+00:00,154.1,43,ask,,,10070497
2026-07-06T23:16:08.003472,2026-07-06T23:16:08.015190+00:00,154.0,50,ask,,,10070520
2026-07-06T23:16:10.111730,2026-07-06T23:16:10.123219+00:00,154.0,50,ask,,,10070545
2026-07-06T23:16:12.167114,2026-07-06T23:16:12.174828+00:00,154.4,50,bid,,,10070565
2026-07-06T23:16:14.274248,2026-07-06T23:16:14.281239+00:00,154.5,50,bid,,,10070597
2026-07-06T23:16:16.379198,2026-07-06T23:16:16.390785+00:00,154.5,50,bid,,,10070615
2026-07-06T23:16:17.927954,2026-07-06T23:16:17.968651+00:00,154.2,40,ask,,,10070635
2026-07-06T23:16:18.486575,2026-07-06T23:16:18.496848+00:00,154.2,40,ask,,,10070640
2026-07-06T23:16:18.486964,2026-07-06T23:16:18.502176+00:00,154.6,50,bid,,,10070641
2026-07-06T23:16:20.594476,2026-07-06T23:16:20.600636+00:00,154.7,50,bid,,,10070670
2026-07-06T23:16:23.342075,2026-07-06T23:16:23.363823+00:00,154.9,45,bid,,,10070707
2026-07-06T23:16:24.802435,2026-07-06T23:16:24.814399+00:00,154.9,50,bid,,,10070725
2026-07-06T23:16:26.341956,2026-07-06T23:16:26.349476+00:00,154.9,45,ask,,,10070746
2026-07-06T23:16:26.908842,2026-07-06T23:16:26.917107+00:00,155.2,50,bid,,,10070756
2026-07-06T23:16:26.944915,2026-07-06T23:16:26.953110+00:00,154.9,11,ask,,,10070759
2026-07-06T23:16:28.159659,2026-07-06T23:16:28.167682+00:00,154.9,3,ask,,,10070769
2026-07-06T23:16:31.189888,2026-07-06T23:16:31.200301+00:00,154.9,50,ask,,,10070820
2026-07-06T23:16:32.444476,2026-07-06T23:16:32.455719+00:00,154.9,100,ask,,,10070838
2026-07-06T23:16:33.095012,2026-07-06T23:16:33.106752+00:00,154.4,41,ask,,,10070846
2026-07-06T23:16:35.350884,2026-07-06T23:16:35.358548+00:00,154.5,50,bid,,,10070865
2026-07-06T23:16:36.430408,2026-07-06T23:16:36.439715+00:00,154.5,3,bid,,,10070881
2026-07-06T23:16:36.709276,2026-07-06T23:16:36.719284+00:00,154.5,43,bid,,,10070889
2026-07-06T23:16:37.464576,2026-07-06T23:16:37.474976+00:00,154.5,50,bid,,,10070892
2026-07-06T23:16:38.504000,2026-07-06T23:16:38.512883+00:00,154.4,45,ask,,,10070905
2026-07-06T23:16:38.715672,2026-07-06T23:16:38.727401+00:00,154.5,54,bid,,,10070906
2026-07-06T23:16:39.552228,2026-07-06T23:16:39.562084+00:00,154.8,3,ask,,,10070911
2026-07-06T23:16:39.624403,2026-07-06T23:16:39.635688+00:00,154.8,50,ask,,,10070914
2026-07-06T23:16:40.089153,2026-07-06T23:16:40.101925+00:00,155.0,40,bid,,,10070922
2026-07-06T23:16:41.059251,2026-07-06T23:16:41.071036+00:00,154.8,44,ask,,,10070936
2026-07-06T23:16:41.935185,2026-07-06T23:16:41.946978+00:00,154.8,53,ask,,,10070948
2026-07-06T23:16:42.643265,2026-07-06T23:16:42.653777+00:00,154.8,46,bid,,,10070958
2026-07-06T23:16:43.708239,2026-07-06T23:16:43.719747+00:00,154.3,49,ask,,,10070965
2026-07-06T23:16:43.781922,2026-07-06T23:16:43.793512+00:00,154.6,50,bid,,,10070969
2026-07-06T23:16:45.337134,2026-07-06T23:16:45.343596+00:00,154.6,42,bid,,,10070981
2026-07-06T23:16:45.941284,2026-07-06T23:16:45.952777+00:00,154.5,50,ask,,,10070987
2026-07-06T23:16:48.049845,2026-07-06T23:16:48.063645+00:00,154.5,50,ask,,,10071018
2026-07-06T23:16:48.264644,2026-07-06T23:16:48.276290+00:00,154.5,100,ask,,,10071023
2026-07-06T23:16:50.157032,2026-07-06T23:16:50.168538+00:00,153.8,50,ask,,,10071054
2026-07-06T23:16:51.255419,2026-07-06T23:16:51.267277+00:00,154.3,48,bid,,,10071064
2026-07-06T23:16:51.375293,2026-07-06T23:16:51.386841+00:00,154.3,100,bid,,,10071069
2026-07-06T23:16:51.902694,2026-07-06T23:16:51.910301+00:00,153.8,47,ask,,,10071082
2026-07-06T23:16:53.451583,2026-07-06T23:16:53.464322+00:00,154.6,43,bid,,,10071096
2026-07-06T23:16:53.505869,2026-07-06T23:16:53.514479+00:00,154.1,40,ask,,,10071097
2026-07-06T23:16:54.072499,2026-07-06T23:16:54.084323+00:00,154.6,46,bid,,,10071106
2026-07-06T23:16:56.473803,2026-07-06T23:16:56.485348+00:00,154.2,50,ask,,,10071135
2026-07-06T23:16:57.654618,2026-07-06T23:16:57.663661+00:00,154.2,44,ask,,,10071149
2026-07-06T23:16:58.205168,2026-07-06T23:16:58.211531+00:00,154.3,45,bid,,,10071151
2026-07-06T23:16:58.845408,2026-07-06T23:16:58.847359+00:00,154.1,46,bid,,,10071158
2026-07-06T23:16:58.899179,2026-07-06T23:16:58.910775+00:00,153.8,42,ask,,,10071160
2026-07-06T23:16:59.086493,2026-07-06T23:16:59.094169+00:00,154.1,3,bid,,,10071165
2026-07-06T23:16:59.380813,2026-07-06T23:16:59.392359+00:00,154.1,48,bid,,,10071167
2026-07-06T23:16:59.435767,2026-07-06T23:16:59.447297+00:00,153.8,40,ask,,,10071168
2026-07-06T23:17:00.547116,2026-07-06T23:17:00.551050+00:00,154.1,43,bid,,,10071181
2026-07-06T23:17:00.602807,2026-07-06T23:17:00.619675+00:00,153.8,18,ask,,,10071182
2026-07-06T23:17:00.634522,2026-07-06T23:17:00.646297+00:00,154.1,10,bid,,,10071183
2026-07-06T23:17:00.634522,2026-07-06T23:17:00.646297+00:00,154.3,40,bid,,,10071184
2026-07-06T23:17:01.673644,2026-07-06T23:17:01.681098+00:00,154.3,100,bid,,,10071197
2026-07-06T23:17:01.735531,2026-07-06T23:17:01.743587+00:00,154.3,3,ask,,,10071201
2026-07-06T23:17:04.847407,2026-07-06T23:17:04.853696+00:00,154.5,50,bid,,,10071246
2026-07-06T23:17:07.005696,2026-07-06T23:17:07.017373+00:00,154.0,50,ask,,,10071280
2026-07-06T23:17:09.114516,2026-07-06T23:17:09.123941+00:00,154.0,50,ask,,,10071304
2026-07-06T23:17:09.978778,2026-07-06T23:17:09.990567+00:00,154.0,42,ask,,,10071311
2026-07-06T23:17:10.469661,2026-07-06T23:17:10.477638+00:00,153.8,46,ask,,,10071319
2026-07-06T23:17:11.221481,2026-07-06T23:17:11.233078+00:00,153.8,50,ask,,,10071327
2026-07-06T23:17:13.326797,2026-07-06T23:17:13.338307+00:00,153.8,4,ask,,,10071346
2026-07-06T23:17:13.326797,2026-07-06T23:17:13.338307+00:00,153.8,46,ask,,,10071347
2026-07-06T23:17:13.570300,2026-07-06T23:17:13.577905+00:00,154.1,3,bid,,,10071352
2026-07-06T23:17:13.620375,2026-07-06T23:17:13.627686+00:00,154.1,11,bid,,,10071354
2026-07-06T23:17:13.707798,2026-07-06T23:17:13.719467+00:00,154.1,49,bid,,,10071356
2026-07-06T23:17:14.204443,2026-07-06T23:17:14.210866+00:00,154.1,37,bid,,,10071365
2026-07-06T23:17:14.204443,2026-07-06T23:17:14.216136+00:00,154.3,3,bid,,,10071366
2026-07-06T23:17:15.436599,2026-07-06T23:17:15.448259+00:00,153.8,50,ask,,,10071381
2026-07-06T23:17:16.705114,2026-07-06T23:17:16.716754+00:00,154.3,49,bid,,,10071395
2026-07-06T23:17:17.542603,2026-07-06T23:17:17.551155+00:00,154.1,50,ask,,,10071404
2026-07-06T23:17:19.358859,2026-07-06T23:17:19.370374+00:00,154.1,44,ask,,,10071432
2026-07-06T23:17:19.649302,2026-07-06T23:17:19.663907+00:00,154.1,6,ask,,,10071437
2026-07-06T23:17:19.649302,2026-07-06T23:17:19.663907+00:00,153.9,44,ask,,,10071438
2026-07-06T23:17:21.759965,2026-07-06T23:17:21.767400+00:00,153.6,50,ask,,,10071459
2026-07-06T23:17:22.872635,2026-07-06T23:17:22.884559+00:00,153.6,41,ask,,,10071469
2026-07-06T23:17:23.065103,2026-07-06T23:17:23.073548+00:00,153.8,23,bid,,,10071472
2026-07-06T23:17:25.074917,2026-07-06T23:17:25.084943+00:00,153.8,42,bid,,,10071492
2026-07-06T23:17:26.133781,2026-07-06T23:17:26.141887+00:00,154.0,46,bid,,,10071509
2026-07-06T23:17:26.188910,2026-07-06T23:17:26.196613+00:00,153.5,44,ask,,,10071510
2026-07-06T23:17:27.485227,2026-07-06T23:17:27.493269+00:00,154.0,12,bid,,,10071531
2026-07-06T23:17:28.087746,2026-07-06T23:17:28.097450+00:00,153.6,50,ask,,,10071535
2026-07-06T23:17:28.118783,2026-07-06T23:17:28.130281+00:00,154.0,49,bid,,,10071536
2026-07-06T23:17:28.173041,2026-07-06T23:17:28.184474+00:00,153.6,44,ask,,,10071537
2026-07-06T23:17:29.158565,2026-07-06T23:17:29.170353+00:00,154.0,39,bid,,,10071555
2026-07-06T23:17:29.158565,2026-07-06T23:17:29.170353+00:00,154.1,3,bid,,,10071556
2026-07-06T23:17:29.669952,2026-07-06T23:17:29.681358+00:00,153.9,49,ask,,,10071563
2026-07-06T23:17:30.195985,2026-07-06T23:17:30.211907+00:00,153.9,50,ask,,,10071567
2026-07-06T23:17:30.237749,2026-07-06T23:17:30.258821+00:00,153.9,1,ask,,,10071568
2026-07-06T23:17:30.250598,2026-07-06T23:17:30.258821+00:00,153.8,11,bid,,,10071569
2026-07-06T23:17:30.273791,2026-07-06T23:17:30.285271+00:00,153.8,48,bid,,,10071571
2026-07-06T23:17:37.917375,2026-07-06T23:17:37.963668+00:00,153.8,49,ask,,,10071677
2026-07-06T23:17:38.466535,2026-07-06T23:17:38.478014+00:00,153.8,49,ask,,,10071682
2026-07-06T23:17:38.613841,2026-07-06T23:17:38.624003+00:00,153.8,2,ask,,,10071684
2026-07-06T23:17:38.613841,2026-07-06T23:17:38.624003+00:00,153.7,48,ask,,,10071685
2026-07-06T23:17:39.085335,2026-07-06T23:17:39.091875+00:00,153.9,42,bid,,,10071692
2026-07-06T23:17:40.723972,2026-07-06T23:17:40.735527+00:00,153.4,50,ask,,,10071704
2026-07-06T23:17:41.079204,2026-07-06T23:17:41.089112+00:00,153.4,43,ask,,,10071707
2026-07-06T23:17:42.060452,2026-07-06T23:17:42.069125+00:00,153.6,11,bid,,,10071717
2026-07-06T23:17:44.883458,2026-07-06T23:17:44.892164+00:00,153.6,50,bid,,,10071750
2026-07-06T23:17:46.225578,2026-07-06T23:17:46.235541+00:00,153.8,43,bid,,,10071764
2026-07-06T23:17:49.328089,2026-07-06T23:17:49.347584+00:00,153.6,42,bid,,,10071818
2026-07-06T23:17:51.480708,2026-07-06T23:17:51.492305+00:00,153.4,40,ask,,,10071843
2026-07-06T23:17:52.082729,2026-07-06T23:17:52.091751+00:00,153.4,42,ask,,,10071855
2026-07-06T23:17:52.325774,2026-07-06T23:17:52.343565+00:00,153.6,12,bid,,,10071858
2026-07-06T23:17:52.682297,2026-07-06T23:17:52.693962+00:00,153.9,49,bid,,,10071864
2026-07-06T23:17:53.355213,2026-07-06T23:17:53.366695+00:00,153.6,50,ask,,,10071872
2026-07-06T23:17:54.825414,2026-07-06T23:17:54.836915+00:00,154.1,46,bid,,,10071883
2026-07-06T23:17:57.467210,2026-07-06T23:17:57.478829+00:00,153.6,46,ask,,,10071911
2026-07-06T23:17:57.565113,2026-07-06T23:17:57.576623+00:00,153.6,50,ask,,,10071912
2026-07-06T23:17:58.709337,2026-07-06T23:17:58.720128+00:00,153.6,100,bid,,,10071916
2026-07-06T23:18:01.731220,2026-07-06T23:18:01.743269+00:00,154.1,50,bid,,,10071952
2026-07-06T23:18:02.373324,2026-07-06T23:18:02.385197+00:00,154.0,43,bid,,,10071966
2026-07-06T23:18:02.428018,2026-07-06T23:18:02.439464+00:00,153.6,45,ask,,,10071967
2026-07-06T23:18:08.062439,2026-07-06T23:18:08.069458+00:00,154.2,50,bid,,,10072048
2026-07-06T23:18:08.203552,2026-07-06T23:18:08.215074+00:00,154.2,50,bid,,,10072051
2026-07-06T23:18:09.047353,2026-07-06T23:18:09.058599+00:00,154.7,47,bid,,,10072065
2026-07-06T23:18:09.393255,2026-07-06T23:18:09.403523+00:00,154.2,23,ask,,,10072070
2026-07-06T23:18:11.109790,2026-07-06T23:18:11.121309+00:00,154.2,43,ask,,,10072094
2026-07-06T23:18:12.184012,2026-07-06T23:18:12.193139+00:00,153.9,40,ask,,,10072110
2026-07-06T23:18:12.287190,2026-07-06T23:18:12.301844+00:00,154.0,50,bid,,,10072111
2026-07-06T23:18:12.287595,2026-07-06T23:18:12.301844+00:00,154.0,11,bid,,,10072112
2026-07-06T23:18:15.191340,2026-07-06T23:18:15.202858+00:00,154.3,45,bid,,,10072150
2026-07-06T23:18:16.553555,2026-07-06T23:18:16.565097+00:00,153.8,50,ask,,,10072165
2026-07-06T23:18:18.219492,2026-07-06T23:18:18.230674+00:00,153.8,43,ask,,,10072177
2026-07-06T23:18:18.608721,2026-07-06T23:18:18.620207+00:00,154.2,50,bid,,,10072183
2026-07-06T23:18:20.611476,2026-07-06T23:18:20.619737+00:00,154.3,44,bid,,,10072201
2026-07-06T23:18:20.784295,2026-07-06T23:18:20.790957+00:00,153.8,50,ask,,,10072202
2026-07-06T23:18:21.143267,2026-07-06T23:18:21.154871+00:00,154.1,48,bid,,,10072206
2026-07-06T23:18:22.891518,2026-07-06T23:18:22.958562+00:00,153.8,50,ask,,,10072220
2026-07-06T23:18:24.999856,2026-07-06T23:18:25.010471+00:00,153.9,50,ask,,,10072243
2026-07-06T23:18:29.208435,2026-07-06T23:18:29.219960+00:00,154.0,50,ask,,,10072286
2026-07-06T23:18:31.316905,2026-07-06T23:18:31.326233+00:00,154.0,50,ask,,,10072309
2026-07-06T23:18:31.704564,2026-07-06T23:18:31.712864+00:00,154.4,23,bid,,,10072312
2026-07-06T23:18:35.219260,2026-07-06T23:18:35.230897+00:00,154.5,46,bid,,,10072351
2026-07-06T23:18:35.776176,2026-07-06T23:18:35.783334+00:00,154.2,42,ask,,,10072360
2026-07-06T23:18:37.578787,2026-07-06T23:18:37.586287+00:00,154.6,50,bid,,,10072377
2026-07-06T23:18:38.843451,2026-07-06T23:18:38.851179+00:00,154.1,49,ask,,,10072389
2026-07-06T23:18:39.848583,2026-07-06T23:18:39.848222+00:00,154.0,48,ask,,,10072403
2026-07-06T23:18:43.895442,2026-07-06T23:18:43.907077+00:00,154.5,50,bid,,,10072456
2026-07-06T23:18:46.004178,2026-07-06T23:18:46.015930+00:00,154.5,50,bid,,,10072476
2026-07-06T23:18:48.071786,2026-07-06T23:18:48.079627+00:00,154.3,11,ask,,,10072502
2026-07-06T23:18:48.115748,2026-07-06T23:18:48.127242+00:00,154.5,50,bid,,,10072504
2026-07-06T23:18:48.675200,2026-07-06T23:18:48.686565+00:00,154.6,48,bid,,,10072514
2026-07-06T23:18:49.321188,2026-07-06T23:18:49.332907+00:00,154.1,43,ask,,,10072521
2026-07-06T23:18:50.222198,2026-07-06T23:18:50.233799+00:00,154.4,50,bid,,,10072536
2026-07-06T23:18:54.485030,2026-07-06T23:18:54.496500+00:00,154.1,50,ask,,,10072594
2026-07-06T23:18:56.611019,2026-07-06T23:18:56.617908+00:00,154.1,50,ask,,,10072626
2026-07-06T23:18:57.763969,2026-07-06T23:18:57.771688+00:00,154.6,48,bid,,,10072645
2026-07-06T23:18:58.718251,2026-07-06T23:18:58.729887+00:00,154.2,50,ask,,,10072658
2026-07-06T23:19:00.625771,2026-07-06T23:19:00.634466+00:00,154.2,42,ask,,,10072684
2026-07-06T23:19:00.827432,2026-07-06T23:19:00.834522+00:00,154.2,8,ask,,,10072691
2026-07-06T23:19:00.827432,2026-07-06T23:19:00.840018+00:00,154.2,42,ask,,,10072692
2026-07-06T23:19:02.883828,2026-07-06T23:19:02.895447+00:00,154.3,50,bid,,,10072724
2026-07-06T23:19:03.905484,2026-07-06T23:19:03.917045+00:00,154.3,49,bid,,,10072734
2026-07-06T23:19:04.992621,2026-07-06T23:19:05.004307+00:00,154.5,50,bid,,,10072753
2026-07-06T23:19:07.101136,2026-07-06T23:19:07.108914+00:00,154.5,50,bid,,,10072781
2026-07-06T23:19:08.114796,2026-07-06T23:19:08.121322+00:00,154.2,46,ask,,,10072791
2026-07-06T23:19:09.213722,2026-07-06T23:19:09.223934+00:00,154.5,50,bid,,,10072799
2026-07-06T23:19:11.320029,2026-07-06T23:19:11.331628+00:00,154.5,50,bid,,,10072826
2026-07-06T23:19:12.668199,2026-07-06T23:19:12.674546+00:00,154.4,49,ask,,,10072840
2026-07-06T23:19:13.242665,2026-07-06T23:19:13.263657+00:00,154.7,41,bid,,,10072845
2026-07-06T23:19:13.428946,2026-07-06T23:19:13.440494+00:00,154.7,50,bid,,,10072851
2026-07-06T23:19:13.696806,2026-07-06T23:19:13.706016+00:00,154.5,12,ask,,,10072856
2026-07-06T23:19:13.809797,2026-07-06T23:19:13.818318+00:00,154.5,47,ask,,,10072859
2026-07-06T23:19:14.424667,2026-07-06T23:19:14.436247+00:00,154.9,48,bid,,,10072865
2026-07-06T23:19:14.982203,2026-07-06T23:19:14.990458+00:00,154.5,11,ask,,,10072875
2026-07-06T23:19:15.535641,2026-07-06T23:19:15.542627+00:00,154.9,50,bid,,,10072881
2026-07-06T23:19:15.937908,2026-07-06T23:19:15.946660+00:00,154.5,11,ask,,,10072889
2026-07-06T23:19:17.694073,2026-07-06T23:19:17.701247+00:00,154.4,50,ask,,,10072909
2026-07-06T23:19:19.464260,2026-07-06T23:19:19.475747+00:00,154.3,48,ask,,,10072926
2026-07-06T23:19:19.526055,2026-07-06T23:19:19.534256+00:00,154.5,11,bid,,,10072928
2026-07-06T23:19:19.799304,2026-07-06T23:19:19.810859+00:00,154.3,50,ask,,,10072933
2026-07-06T23:19:21.498519,2026-07-06T23:19:21.510176+00:00,154.5,48,bid,,,10072956
2026-07-06T23:19:21.855382,2026-07-06T23:19:21.861853+00:00,154.5,50,bid,,,10072963
2026-07-06T23:19:23.960682,2026-07-06T23:19:23.972221+00:00,154.5,50,bid,,,10072993
2026-07-06T23:19:24.572678,2026-07-06T23:19:24.584492+00:00,154.7,49,bid,,,10072997
2026-07-06T23:19:25.464932,2026-07-06T23:19:25.474268+00:00,154.5,11,ask,,,10073008
2026-07-06T23:19:26.310973,2026-07-06T23:19:26.320782+00:00,154.7,40,bid,,,10073021
2026-07-06T23:19:26.364847,2026-07-06T23:19:26.376467+00:00,154.5,44,ask,,,10073022
2026-07-06T23:19:26.786892,2026-07-06T23:19:26.794833+00:00,154.8,12,ask,,,10073028
2026-07-06T23:19:28.070113,2026-07-06T23:19:28.079724+00:00,154.8,11,ask,,,10073048
2026-07-06T23:19:28.091121,2026-07-06T23:19:28.100720+00:00,154.8,12,ask,,,10073051
2026-07-06T23:19:28.222759,2026-07-06T23:19:28.234326+00:00,154.8,50,ask,,,10073054
2026-07-06T23:19:29.404384,2026-07-06T23:19:29.413722+00:00,154.9,23,bid,,,10073069
2026-07-06T23:19:30.138486,2026-07-06T23:19:30.158720+00:00,154.9,42,bid,,,10073080
2026-07-06T23:19:30.277835,2026-07-06T23:19:30.287627+00:00,154.9,50,bid,,,10073082
2026-07-06T23:19:30.461794,2026-07-06T23:19:30.471751+00:00,155.1,100,bid,,,10073090
2026-07-06T23:19:30.527425,2026-07-06T23:19:30.537275+00:00,155.1,11,ask,,,10073091
2026-07-06T23:19:32.291409,2026-07-06T23:19:32.300667+00:00,155.1,39,ask,,,10073114
2026-07-06T23:19:32.291409,2026-07-06T23:19:32.300667+00:00,154.6,5,ask,,,10073115
2026-07-06T23:19:32.384674,2026-07-06T23:19:32.396554+00:00,155.6,50,bid,,,10073118
2026-07-06T23:19:34.492003,2026-07-06T23:19:34.501564+00:00,155.1,50,bid,,,10073138
2026-07-06T23:19:35.900734,2026-07-06T23:19:35.912604+00:00,154.8,44,ask,,,10073157
2026-07-06T23:19:38.530942,2026-07-06T23:19:38.542559+00:00,155.3,49,bid,,,10073192
2026-07-06T23:19:38.755107,2026-07-06T23:19:38.769085+00:00,155.0,50,ask,,,10073194
2026-07-06T23:19:39.557087,2026-07-06T23:19:39.565925+00:00,155.0,47,ask,,,10073208
2026-07-06T23:19:40.861876,2026-07-06T23:19:40.873444+00:00,154.9,50,ask,,,10073225
2026-07-06T23:19:42.968841,2026-07-06T23:19:42.980701+00:00,154.8,50,ask,,,10073248
2026-07-06T23:19:45.076138,2026-07-06T23:19:45.087789+00:00,154.8,50,ask,,,10073282
2026-07-06T23:19:45.417813,2026-07-06T23:19:45.429360+00:00,154.5,41,ask,,,10073287
2026-07-06T23:19:45.935918,2026-07-06T23:19:45.943913+00:00,154.7,40,bid,,,10073292
2026-07-06T23:19:46.183059,2026-07-06T23:19:46.191251+00:00,154.7,11,bid,,,10073295
2026-07-06T23:19:46.365685,2026-07-06T23:19:46.373981+00:00,154.6,12,bid,,,10073300
2026-07-06T23:19:49.288799,2026-07-06T23:19:49.300220+00:00,154.4,50,ask,,,10073339
2026-07-06T23:19:53.456349,2026-07-06T23:19:53.467980+00:00,154.5,50,bid,,,10073383
2026-07-06T23:19:53.516689,2026-07-06T23:19:53.523673+00:00,154.5,46,bid,,,10073385
2026-07-06T23:19:54.034158,2026-07-06T23:19:54.043274+00:00,154.1,47,ask,,,10073392
2026-07-06T23:19:55.563115,2026-07-06T23:19:55.574731+00:00,154.4,50,bid,,,10073403
2026-07-06T23:19:55.666189,2026-07-06T23:19:55.674962+00:00,154.4,11,bid,,,10073405
2026-07-06T23:19:55.781903,2026-07-06T23:19:55.789752+00:00,154.4,39,bid,,,10073408
2026-07-06T23:19:56.976199,2026-07-06T23:19:56.984253+00:00,154.5,23,ask,,,10073417
2026-07-06T23:19:57.722242,2026-07-06T23:19:57.729664+00:00,154.5,50,ask,,,10073421
2026-07-06T23:19:58.047076,2026-07-06T23:19:58.064082+00:00,154.5,38,ask,,,10073430
2026-07-06T23:19:59.029234,2026-07-06T23:19:59.041566+00:00,154.2,23,bid,,,10073440
2026-07-06T23:19:59.502180,2026-07-06T23:19:59.510947+00:00,154.2,11,bid,,,10073446
2026-07-06T23:19:59.776950,2026-07-06T23:19:59.788437+00:00,154.2,50,bid,,,10073449
2026-07-06T23:20:01.884787,2026-07-06T23:20:01.896540+00:00,154.2,50,bid,,,10073474
2026-07-06T23:20:08.255904,2026-07-06T23:20:08.262207+00:00,154.1,50,ask,,,10073551
2026-07-06T23:20:09.929615,2026-07-06T23:20:09.941419+00:00,154.4,43,bid,,,10073574
2026-07-06T23:20:10.376946,2026-07-06T23:20:10.384648+00:00,154.0,50,ask,,,10073579
2026-07-06T23:20:10.536900,2026-07-06T23:20:10.548632+00:00,154.0,48,ask,,,10073580
2026-07-06T23:20:11.548044,2026-07-06T23:20:11.558540+00:00,154.4,47,bid,,,10073589
2026-07-06T23:20:11.643544,2026-07-06T23:20:11.653026+00:00,154.4,100,bid,,,10073590
2026-07-06T23:20:11.712369,2026-07-06T23:20:11.721073+00:00,154.4,22,ask,,,10073592
2026-07-06T23:20:14.591359,2026-07-06T23:20:14.601701+00:00,154.1,50,ask,,,10073635
2026-07-06T23:20:14.879216,2026-07-06T23:20:14.888505+00:00,154.2,11,bid,,,10073643
2026-07-06T23:20:16.648287,2026-07-06T23:20:16.652587+00:00,154.2,50,bid,,,10073661
2026-07-06T23:20:17.680207,2026-07-06T23:20:17.687272+00:00,154.0,49,ask,,,10073676
2026-07-06T23:20:18.267983,2026-07-06T23:20:18.279585+00:00,154.5,44,bid,,,10073679
