timestamp,recv_time,price,volume,aggressor_side,buyer,seller,trade_id
2026-07-09T23:59:59.994394,2026-07-10T00:00:00.005835+00:00,109.9,50,bid,FlawlessFlatbreads,DiligentDonuts,14439370
2026-07-10T00:00:00.251772,2026-07-10T00:00:00.213468+00:00,109.9,36,bid,CostlyCorianders,DiligentDonuts,14439372
2026-07-10T00:00:00.251772,2026-07-10T00:00:00.213468+00:00,109.9,4,bid,CostlyCorianders,Xinhong Shan,14439373
2026-07-10T00:00:00.251772,2026-07-10T00:00:00.213468+00:00,110.0,9,bid,CostlyCorianders,EarnestEspressos,14439374
2026-07-10T00:00:02.102647,2026-07-10T00:00:02.111708+00:00,110.0,4,bid,FlawlessFlatbreads,Xinhong Shan,14439413
2026-07-10T00:00:02.102647,2026-07-10T00:00:02.111708+00:00,110.1,5,bid,FlawlessFlatbreads,Kelvin Chan,14439414
2026-07-10T00:00:02.102647,2026-07-10T00:00:02.117182+00:00,110.2,41,bid,FlawlessFlatbreads,EarnestEspressos,14439415
2026-07-10T00:00:04.215590,2026-07-10T00:00:04.227062+00:00,110.1,2,bid,FlawlessFlatbreads,Kelvin Chan,14439457
2026-07-10T00:00:04.215590,2026-07-10T00:00:04.227062+00:00,110.1,4,bid,FlawlessFlatbreads,Xinhong Shan,14439458
2026-07-10T00:00:04.215590,2026-07-10T00:00:04.227062+00:00,110.2,44,bid,FlawlessFlatbreads,EarnestEspressos,14439459
2026-07-10T00:00:06.342273,2026-07-10T00:00:06.354664+00:00,110.2,4,bid,FlawlessFlatbreads,Xinhong Shan,14439494
2026-07-10T00:00:06.342273,2026-07-10T00:00:06.354664+00:00,110.4,46,bid,FlawlessFlatbreads,DiligentDonuts,14439495
2026-07-10T00:00:06.487073,2026-07-10T00:00:06.498598+00:00,110.1,45,ask,EarnestEspressos,CostlyCorianders,14439503
2026-07-10T00:00:08.458732,2026-07-10T00:00:08.465572+00:00,110.4,4,bid,FlawlessFlatbreads,Xinhong Shan,14439545
2026-07-10T00:00:08.458732,2026-07-10T00:00:08.471137+00:00,110.6,40,bid,FlawlessFlatbreads,Andy Garg,14439546
2026-07-10T00:00:08.458732,2026-07-10T00:00:08.471137+00:00,110.6,6,bid,FlawlessFlatbreads,EarnestEspressos,14439547
2026-07-10T00:00:09.171193,2026-07-10T00:00:09.184566+00:00,110.2,48,ask,DiligentDonuts,CostlyCorianders,14439558
2026-07-10T00:00:10.262582,2026-07-10T00:00:10.269688+00:00,110.2,5,ask,DiligentDonuts,Kelvin Chan,14439573
2026-07-10T00:00:10.572192,2026-07-10T00:00:10.581132+00:00,110.6,50,bid,FlawlessFlatbreads,EarnestEspressos,14439581
2026-07-10T00:00:11.670164,2026-07-10T00:00:11.678661+00:00,110.4,14,ask,EarnestEspressos,Xuanyu Liu,14439610
2026-07-10T00:00:12.680593,2026-07-10T00:00:12.692056+00:00,110.6,50,bid,FlawlessFlatbreads,DiligentDonuts,14439631
2026-07-10T00:00:14.323090,2026-07-10T00:00:14.334550+00:00,110.6,47,bid,CostlyCorianders,DiligentDonuts,14439659
2026-07-10T00:00:14.789392,2026-07-10T00:00:14.801191+00:00,110.6,4,bid,FlawlessFlatbreads,Xinhong Shan,14439671
2026-07-10T00:00:14.789392,2026-07-10T00:00:14.801191+00:00,110.8,40,bid,FlawlessFlatbreads,Andy Garg,14439672
2026-07-10T00:00:14.789392,2026-07-10T00:00:14.801191+00:00,110.8,6,bid,FlawlessFlatbreads,DiligentDonuts,14439673
2026-07-10T00:00:15.194698,2026-07-10T00:00:15.204266+00:00,110.4,3,ask,Xinhong Shan,Kelvin Chan,14439680
2026-07-10T00:00:15.365511,2026-07-10T00:00:15.374527+00:00,110.4,1,ask,Xinhong Shan,Kelvin Chan,14439684
2026-07-10T00:00:15.509228,2026-07-10T00:00:15.516675+00:00,110.3,44,ask,DiligentDonuts,CostlyCorianders,14439690
2026-07-10T00:00:16.825783,2026-07-10T00:00:16.835949+00:00,110.4,1,bid,Xuanyu Liu,Kelvin Chan,14439710
2026-07-10T00:00:16.825783,2026-07-10T00:00:16.835949+00:00,110.4,2,bid,FlawlessFlatbreads,Xinhong Shan,14439711
2026-07-10T00:00:16.899671,2026-07-10T00:00:16.911411+00:00,110.4,2,bid,Xuanyu Liu,Xinhong Shan,14439714
2026-07-10T00:00:16.899671,2026-07-10T00:00:16.911411+00:00,110.8,48,bid,FlawlessFlatbreads,DiligentDonuts,14439715
2026-07-10T00:00:16.952961,2026-07-10T00:00:16.964451+00:00,110.8,40,bid,Andy Garg,DiligentDonuts,14439716
2026-07-10T00:00:17.590176,2026-07-10T00:00:17.601790+00:00,110.8,6,bid,CostlyCorianders,DiligentDonuts,14439724
2026-07-10T00:00:17.590176,2026-07-10T00:00:17.601790+00:00,110.8,42,bid,CostlyCorianders,EarnestEspressos,14439725
2026-07-10T00:00:17.806596,2026-07-10T00:00:17.817112+00:00,110.6,3,ask,DiligentDonuts,Xuanyu Liu,14439727
2026-07-10T00:00:18.395024,2026-07-10T00:00:18.405508+00:00,110.6,1,ask,DiligentDonuts,Kelvin Chan,14439744
2026-07-10T00:00:19.016489,2026-07-10T00:00:19.025185+00:00,110.8,4,bid,FlawlessFlatbreads,Xinhong Shan,14439760
2026-07-10T00:00:19.016489,2026-07-10T00:00:19.025185+00:00,110.9,40,bid,FlawlessFlatbreads,Andy Garg,14439761
2026-07-10T00:00:19.016489,2026-07-10T00:00:19.030448+00:00,111.0,6,bid,FlawlessFlatbreads,EarnestEspressos,14439762
2026-07-10T00:00:20.709822,2026-07-10T00:00:20.721268+00:00,110.6,1,ask,DiligentDonuts,Kelvin Chan,14439793
2026-07-10T00:00:21.012131,2026-07-10T00:00:21.020468+00:00,110.6,1,ask,Xinhong Shan,Kelvin Chan,14439802
2026-07-10T00:00:21.128862,2026-07-10T00:00:21.137317+00:00,110.9,40,bid,FlawlessFlatbreads,Andy Garg,14439803
2026-07-10T00:00:21.128862,2026-07-10T00:00:21.137317+00:00,110.9,10,bid,FlawlessFlatbreads,DiligentDonuts,14439804
2026-07-10T00:00:22.019422,2026-07-10T00:00:22.029240+00:00,110.6,1,ask,Xinhong Shan,Kelvin Chan,14439823
2026-07-10T00:00:22.687135,2026-07-10T00:00:22.694503+00:00,110.6,2,ask,Xinhong Shan,Kelvin Chan,14439829
2026-07-10T00:00:22.954158,2026-07-10T00:00:22.957665+00:00,110.6,1,ask,Xinhong Shan,Kelvin Chan,14439831
2026-07-10T00:00:22.978425,2026-07-10T00:00:22.991489+00:00,110.6,1,ask,Xinhong Shan,Kelvin Chan,14439832
2026-07-10T00:00:24.562254,2026-07-10T00:00:24.571027+00:00,110.6,1,bid,CostlyCorianders,Kelvin Chan,14439862
2026-07-10T00:00:24.562254,2026-07-10T00:00:24.571027+00:00,110.6,4,bid,CostlyCorianders,Xinhong Shan,14439863
2026-07-10T00:00:25.105654,2026-07-10T00:00:25.116132+00:00,110.5,48,ask,DiligentDonuts,CostlyCorianders,14439885
2026-07-10T00:00:25.350129,2026-07-10T00:00:25.358553+00:00,110.6,1,bid,FlawlessFlatbreads,Kelvin Chan,14439891
2026-07-10T00:00:25.350129,2026-07-10T00:00:25.358553+00:00,110.6,4,bid,FlawlessFlatbreads,Xinhong Shan,14439892
2026-07-10T00:00:26.272213,2026-07-10T00:00:26.280014+00:00,110.5,52,ask,DiligentDonuts,Lachy Miller,14439905
2026-07-10T00:00:26.482356,2026-07-10T00:00:26.493716+00:00,110.5,5,ask,Xinhong Shan,Lachy Miller,14439915
2026-07-10T00:00:27.468305,2026-07-10T00:00:27.484529+00:00,110.5,50,bid,FlawlessFlatbreads,DiligentDonuts,14439932
2026-07-10T00:00:29.768172,2026-07-10T00:00:29.779658+00:00,110.5,47,bid,CostlyCorianders,DiligentDonuts,14439973
2026-07-10T00:00:30.441437,2026-07-10T00:00:30.453204+00:00,110.5,4,bid,DiligentDonuts,Xinhong Shan,14439983
2026-07-10T00:00:31.681047,2026-07-10T00:00:31.692790+00:00,110.6,5,bid,FlawlessFlatbreads,Xinhong Shan,14440004
2026-07-10T00:00:31.681047,2026-07-10T00:00:31.692790+00:00,110.6,5,bid,FlawlessFlatbreads,Kelvin Chan,14440005
2026-07-10T00:00:31.681047,2026-07-10T00:00:31.692790+00:00,110.9,40,bid,FlawlessFlatbreads,EarnestEspressos,14440006
2026-07-10T00:00:33.625768,2026-07-10T00:00:33.635967+00:00,110.6,5,bid,EarnestEspressos,Xinhong Shan,14440033
2026-07-10T00:00:33.794736,2026-07-10T00:00:33.801174+00:00,110.7,5,bid,FlawlessFlatbreads,Kelvin Chan,14440041
2026-07-10T00:00:33.794736,2026-07-10T00:00:33.816571+00:00,110.9,45,bid,FlawlessFlatbreads,DiligentDonuts,14440042
2026-07-10T00:00:33.805819,2026-07-10T00:00:33.816571+00:00,110.6,14,ask,EarnestEspressos,Xuanyu Liu,14440045
2026-07-10T00:00:33.905645,2026-07-10T00:00:33.914050+00:00,110.6,67,ask,EarnestEspressos,Lachy Miller,14440050
2026-07-10T00:00:35.902665,2026-07-10T00:00:35.914297+00:00,110.7,5,bid,FlawlessFlatbreads,Xinhong Shan,14440074
2026-07-10T00:00:35.902665,2026-07-10T00:00:35.914297+00:00,110.7,5,bid,FlawlessFlatbreads,Kelvin Chan,14440075
2026-07-10T00:00:35.902665,2026-07-10T00:00:35.914297+00:00,110.8,40,bid,FlawlessFlatbreads,Andy Garg,14440076
2026-07-10T00:00:36.846852,2026-07-10T00:00:36.863804+00:00,110.6,5,ask,Xinhong Shan,EarnestEspressos,14440097
2026-07-10T00:00:37.933077,2026-07-10T00:00:37.945684+00:00,110.6,11,bid,Xuanyu Liu,EarnestEspressos,14440109
2026-07-10T00:00:38.013661,2026-07-10T00:00:38.023186+00:00,110.6,50,bid,FlawlessFlatbreads,EarnestEspressos,14440112
2026-07-10T00:00:40.121329,2026-07-10T00:00:40.132969+00:00,110.6,5,bid,FlawlessFlatbreads,Xinhong Shan,14440156
2026-07-10T00:00:40.121329,2026-07-10T00:00:40.132969+00:00,110.7,5,bid,FlawlessFlatbreads,Kelvin Chan,14440157
2026-07-10T00:00:40.121329,2026-07-10T00:00:40.132969+00:00,110.9,40,bid,FlawlessFlatbreads,EarnestEspressos,14440158
2026-07-10T00:00:42.249296,2026-07-10T00:00:42.258562+00:00,110.7,5,bid,FlawlessFlatbreads,Xinhong Shan,14440196
2026-07-10T00:00:42.249296,2026-07-10T00:00:42.258562+00:00,110.9,45,bid,FlawlessFlatbreads,EarnestEspressos,14440197
2026-07-10T00:00:42.332181,2026-07-10T00:00:42.342550+00:00,110.5,25,ask,DiligentDonuts,Lachy Miller,14440199
2026-07-10T00:00:43.132534,2026-07-10T00:00:43.141920+00:00,110.7,11,ask,EarnestEspressos,Xuanyu Liu,14440212
2026-07-10T00:00:44.319785,2026-07-10T00:00:44.331228+00:00,110.7,47,ask,EarnestEspressos,CostlyCorianders,14440220
2026-07-10T00:00:44.423254,2026-07-10T00:00:44.432347+00:00,110.7,50,ask,EarnestEspressos,FlawlessFlatbreads,14440221
2026-07-10T00:00:45.990194,2026-07-10T00:00:46.001465+00:00,110.7,40,ask,EarnestEspressos,CostlyCorianders,14440245
2026-07-10T00:00:46.347926,2026-07-10T00:00:46.364040+00:00,110.7,5,ask,Xinhong Shan,EarnestEspressos,14440253
2026-07-10T00:00:46.529309,2026-07-10T00:00:46.538823+00:00,110.6,1,ask,Kelvin Chan,FlawlessFlatbreads,14440257
2026-07-10T00:00:46.529309,2026-07-10T00:00:46.538823+00:00,110.5,49,ask,DiligentDonuts,FlawlessFlatbreads,14440258
2026-07-10T00:00:48.073234,2026-07-10T00:00:48.083172+00:00,110.7,11,bid,Xuanyu Liu,EarnestEspressos,14440281
2026-07-10T00:00:48.402694,2026-07-10T00:00:48.414062+00:00,110.7,43,bid,CostlyCorianders,EarnestEspressos,14440289
2026-07-10T00:00:48.432921,2026-07-10T00:00:48.446079+00:00,110.7,3,bid,Xuanyu Liu,EarnestEspressos,14440291
2026-07-10T00:00:48.637700,2026-07-10T00:00:48.649281+00:00,110.6,40,ask,Andy Garg,FlawlessFlatbreads,14440297
2026-07-10T00:00:48.637700,2026-07-10T00:00:48.649281+00:00,110.5,10,ask,DiligentDonuts,FlawlessFlatbreads,14440298
2026-07-10T00:00:49.461479,2026-07-10T00:00:49.469336+00:00,110.7,5,bid,EarnestEspressos,Xinhong Shan,14440313
2026-07-10T00:00:50.748107,2026-07-10T00:00:50.757111+00:00,110.7,50,ask,EarnestEspressos,FlawlessFlatbreads,14440337
2026-07-10T00:00:52.371974,2026-07-10T00:00:52.380892+00:00,110.7,3,ask,EarnestEspressos,Xuanyu Liu,14440369
2026-07-10T00:00:52.691580,2026-07-10T00:00:52.700409+00:00,110.7,5,ask,Xinhong Shan,EarnestEspressos,14440380
2026-07-10T00:00:52.855433,2026-07-10T00:00:52.868935+00:00,110.3,40,ask,Andy Garg,FlawlessFlatbreads,14440382
2026-07-10T00:00:52.855433,2026-07-10T00:00:52.868935+00:00,110.3,10,ask,DiligentDonuts,FlawlessFlatbreads,14440383
2026-07-10T00:00:53.677413,2026-07-10T00:00:53.685718+00:00,110.7,3,bid,Xuanyu Liu,EarnestEspressos,14440402
2026-07-10T00:00:53.762853,2026-07-10T00:00:53.771094+00:00,110.7,50,bid,Lachy Miller,EarnestEspressos,14440406
2026-07-10T00:00:54.132340,2026-07-10T00:00:54.142274+00:00,110.7,46,bid,CostlyCorianders,EarnestEspressos,14440412
2026-07-10T00:00:54.970808,2026-07-10T00:00:54.984202+00:00,110.5,40,ask,Andy Garg,FlawlessFlatbreads,14440428
2026-07-10T00:00:54.970808,2026-07-10T00:00:54.984202+00:00,110.4,5,ask,Xinhong Shan,FlawlessFlatbreads,14440429
2026-07-10T00:00:54.970808,2026-07-10T00:00:54.989500+00:00,110.3,5,ask,DiligentDonuts,FlawlessFlatbreads,14440430
2026-07-10T00:00:55.802102,2026-07-10T00:00:55.811339+00:00,110.7,5,bid,EarnestEspressos,Xinhong Shan,14440454
2026-07-10T00:00:55.802102,2026-07-10T00:00:55.811339+00:00,110.9,1,bid,EarnestEspressos,Kelvin Chan,14440455
2026-07-10T00:00:57.079615,2026-07-10T00:00:57.091008+00:00,110.9,50,ask,EarnestEspressos,FlawlessFlatbreads,14440473
2026-07-10T00:00:57.642194,2026-07-10T00:00:57.651309+00:00,110.9,3,ask,EarnestEspressos,Xuanyu Liu,14440485
2026-07-10T00:00:57.747718,2026-07-10T00:00:57.754295+00:00,110.9,40,ask,EarnestEspressos,Andy Garg,14440489
2026-07-10T00:00:57.779240,2026-07-10T00:00:57.786044+00:00,110.9,25,ask,EarnestEspressos,Lachy Miller,14440491
2026-07-10T00:00:59.029572,2026-07-10T00:00:59.041053+00:00,110.9,5,ask,Xinhong Shan,DiligentDonuts,14440509
2026-07-10T00:00:59.048273,2026-07-10T00:00:59.057484+00:00,110.8,3,bid,Xuanyu Liu,EarnestEspressos,14440511
2026-07-10T00:01:02.999433,2026-07-10T00:01:03.010100+00:00,110.8,5,bid,Lachy Miller,Xinhong Shan,14440572
2026-07-10T00:01:03.396621,2026-07-10T00:01:03.404117+00:00,110.6,5,ask,Kelvin Chan,FlawlessFlatbreads,14440578
2026-07-10T00:01:03.396621,2026-07-10T00:01:03.409468+00:00,110.6,45,ask,DiligentDonuts,FlawlessFlatbreads,14440579
2026-07-10T00:01:04.672617,2026-07-10T00:01:04.684259+00:00,110.6,46,ask,DiligentDonuts,CostlyCorianders,14440605
2026-07-10T00:01:05.413915,2026-07-10T00:01:05.421355+00:00,110.7,20,bid,Lachy Miller,DiligentDonuts,14440613
2026-07-10T00:01:05.508353,2026-07-10T00:01:05.515519+00:00,110.6,5,ask,Xinhong Shan,FlawlessFlatbreads,14440616
2026-07-10T00:01:05.508353,2026-07-10T00:01:05.521124+00:00,110.6,5,ask,Kelvin Chan,FlawlessFlatbreads,14440617
2026-07-10T00:01:05.508353,2026-07-10T00:01:05.521124+00:00,110.5,40,ask,Andy Garg,FlawlessFlatbreads,14440618
2026-07-10T00:01:07.617557,2026-07-10T00:01:07.627981+00:00,110.5,40,ask,Andy Garg,FlawlessFlatbreads,14440670
2026-07-10T00:01:07.617557,2026-07-10T00:01:07.627981+00:00,110.5,5,ask,Kelvin Chan,FlawlessFlatbreads,14440671
2026-07-10T00:01:07.617557,2026-07-10T00:01:07.627981+00:00,110.5,5,ask,Xinhong Shan,FlawlessFlatbreads,14440672
2026-07-10T00:01:08.295799,2026-07-10T00:01:08.307472+00:00,110.7,46,bid,CostlyCorianders,DiligentDonuts,14440682
2026-07-10T00:01:08.851060,2026-07-10T00:01:08.857349+00:00,110.7,5,bid,CostlyCorianders,Xinhong Shan,14440689
2026-07-10T00:01:09.726981,2026-07-10T00:01:09.736047+00:00,110.6,50,ask,DiligentDonuts,FlawlessFlatbreads,14440702
2026-07-10T00:01:11.453781,2026-07-10T00:01:11.457361+00:00,110.6,49,ask,DiligentDonuts,CostlyCorianders,14440736
2026-07-10T00:01:11.784201,2026-07-10T00:01:11.795845+00:00,110.8,50,bid,FlawlessFlatbreads,DiligentDonuts,14440741
2026-07-10T00:01:13.072817,2026-07-10T00:01:13.084203+00:00,110.8,43,bid,CostlyCorianders,DiligentDonuts,14440767
2026-07-10T00:01:13.890723,2026-07-10T00:01:13.902491+00:00,110.8,7,bid,FlawlessFlatbreads,DiligentDonuts,14440787
2026-07-10T00:01:13.890723,2026-07-10T00:01:13.902491+00:00,110.8,5,bid,FlawlessFlatbreads,Xinhong Shan,14440788
2026-07-10T00:01:13.890723,2026-07-10T00:01:13.902491+00:00,111.0,38,bid,FlawlessFlatbreads,Andy Garg,14440789
2026-07-10T00:01:14.722015,2026-07-10T00:01:14.729389+00:00,110.6,47,ask,EarnestEspressos,CostlyCorianders,14440796
2026-07-10T00:01:14.975383,2026-07-10T00:01:14.985293+00:00,110.8,3,bid,Xuanyu Liu,EarnestEspressos,14440806
2026-07-10T00:01:15.042769,2026-07-10T00:01:15.053482+00:00,110.8,25,bid,Lachy Miller,EarnestEspressos,14440809
2026-07-10T00:01:15.788945,2026-07-10T00:01:15.800290+00:00,110.8,46,bid,CostlyCorianders,EarnestEspressos,14440818
2026-07-10T00:01:16.001287,2026-07-10T00:01:16.012968+00:00,110.8,50,bid,FlawlessFlatbreads,EarnestEspressos,14440823
2026-07-10T00:01:16.769091,2026-07-10T00:01:16.780722+00:00,110.7,5,ask,Xinhong Shan,CostlyCorianders,14440852
2026-07-10T00:01:16.769091,2026-07-10T00:01:16.780722+00:00,110.6,41,ask,DiligentDonuts,CostlyCorianders,14440853
2026-07-10T00:01:17.414166,2026-07-10T00:01:17.424177+00:00,110.8,11,bid,Xuanyu Liu,EarnestEspressos,14440873
2026-07-10T00:01:17.457775,2026-07-10T00:01:17.469317+00:00,110.8,15,bid,Lachy Miller,EarnestEspressos,14440878
2026-07-10T00:01:17.457775,2026-07-10T00:01:17.469317+00:00,110.8,5,bid,Lachy Miller,Xinhong Shan,14440879
2026-07-10T00:01:17.885619,2026-07-10T00:01:17.897479+00:00,111.1,41,bid,CostlyCorianders,DiligentDonuts,14440886
2026-07-10T00:01:17.985458,2026-07-10T00:01:18.006553+00:00,111.1,5,bid,EarnestEspressos,Xinhong Shan,14440889
2026-07-10T00:01:17.998232,2026-07-10T00:01:18.006553+00:00,111.2,14,ask,EarnestEspressos,Xuanyu Liu,14440891
2026-07-10T00:01:18.158335,2026-07-10T00:01:18.169674+00:00,111.2,50,ask,EarnestEspressos,FlawlessFlatbreads,14440897
2026-07-10T00:01:18.742288,2026-07-10T00:01:18.750609+00:00,111.2,3,ask,EarnestEspressos,Xuanyu Liu,14440922
2026-07-10T00:01:18.826638,2026-07-10T00:01:18.838222+00:00,111.2,40,ask,EarnestEspressos,Andy Garg,14440925
2026-07-10T00:01:18.872169,2026-07-10T00:01:18.883665+00:00,111.2,38,ask,EarnestEspressos,Lachy Miller,14440928
2026-07-10T00:01:18.872169,2026-07-10T00:01:18.883665+00:00,111.2,5,ask,Xinhong Shan,Lachy Miller,14440929
2026-07-10T00:01:19.006709,2026-07-10T00:01:19.016302+00:00,110.9,40,ask,DiligentDonuts,Andy Garg,14440931
2026-07-10T00:01:20.264953,2026-07-10T00:01:20.276663+00:00,110.9,50,ask,DiligentDonuts,FlawlessFlatbreads,14440957
2026-07-10T00:01:21.192247,2026-07-10T00:01:21.203869+00:00,110.9,5,ask,Xinhong Shan,DiligentDonuts,14440971
2026-07-10T00:01:21.205529,2026-07-10T00:01:21.215360+00:00,110.9,3,bid,Xuanyu Liu,DiligentDonuts,14440972
2026-07-10T00:01:21.239542,2026-07-10T00:01:21.251359+00:00,110.8,40,ask,Andy Garg,CostlyCorianders,14440974
2026-07-10T00:01:21.239542,2026-07-10T00:01:21.251359+00:00,110.6,4,ask,Kelvin Chan,CostlyCorianders,14440975
2026-07-10T00:01:21.239542,2026-07-10T00:01:21.251359+00:00,110.4,1,ask,DiligentDonuts,CostlyCorianders,14440976
2026-07-10T00:01:22.719625,2026-07-10T00:01:22.729453+00:00,110.9,40,bid,Andy Garg,DiligentDonuts,14441004
2026-07-10T00:01:23.464063,2026-07-10T00:01:23.474037+00:00,110.9,3,bid,Xuanyu Liu,DiligentDonuts,14441028
2026-07-10T00:01:23.514338,2026-07-10T00:01:23.523704+00:00,110.9,23,bid,Lachy Miller,DiligentDonuts,14441031
2026-07-10T00:01:24.482798,2026-07-10T00:01:24.490297+00:00,110.8,38,ask,Andy Garg,FlawlessFlatbreads,14441047
2026-07-10T00:01:24.482798,2026-07-10T00:01:24.495582+00:00,110.8,5,ask,Xinhong Shan,FlawlessFlatbreads,14441048
2026-07-10T00:01:24.482798,2026-07-10T00:01:24.495582+00:00,110.8,7,ask,DiligentDonuts,FlawlessFlatbreads,14441049
2026-07-10T00:01:24.546846,2026-07-10T00:01:24.558607+00:00,110.9,5,bid,CostlyCorianders,Xinhong Shan,14441051
2026-07-10T00:01:24.546846,2026-07-10T00:01:24.558607+00:00,111.1,36,bid,CostlyCorianders,EarnestEspressos,14441052
2026-07-10T00:01:26.593662,2026-07-10T00:01:26.604971+00:00,110.8,50,ask,DiligentDonuts,FlawlessFlatbreads,14441091
2026-07-10T00:01:28.702214,2026-07-10T00:01:28.713601+00:00,110.8,50,ask,EarnestEspressos,FlawlessFlatbreads,14441121
2026-07-10T00:01:30.812539,2026-07-10T00:01:30.825090+00:00,110.8,5,ask,Xinhong Shan,FlawlessFlatbreads,14441152
2026-07-10T00:01:30.812539,2026-07-10T00:01:30.825090+00:00,110.8,45,ask,DiligentDonuts,FlawlessFlatbreads,14441153
2026-07-10T00:01:31.203454,2026-07-10T00:01:31.212861+00:00,110.8,46,ask,DiligentDonuts,CostlyCorianders,14441159
2026-07-10T00:01:31.874499,2026-07-10T00:01:31.882976+00:00,111.0,5,bid,Xuanyu Liu,Xinhong Shan,14441168
2026-07-10T00:01:32.923291,2026-07-10T00:01:32.934903+00:00,110.8,9,ask,DiligentDonuts,FlawlessFlatbreads,14441199
2026-07-10T00:01:32.923291,2026-07-10T00:01:32.934903+00:00,110.8,5,ask,Xinhong Shan,FlawlessFlatbreads,14441200
2026-07-10T00:01:32.923291,2026-07-10T00:01:32.934903+00:00,110.7,3,ask,Kelvin Chan,FlawlessFlatbreads,14441201
2026-07-10T00:01:32.923291,2026-07-10T00:01:32.940168+00:00,110.7,33,ask,EarnestEspressos,FlawlessFlatbreads,14441202
2026-07-10T00:01:33.350282,2026-07-10T00:01:33.358593+00:00,111.2,44,bid,CostlyCorianders,EarnestEspressos,14441208
2026-07-10T00:01:34.494165,2026-07-10T00:01:34.502566+00:00,111.1,44,bid,CostlyCorianders,DiligentDonuts,14441224
2026-07-10T00:01:35.035159,2026-07-10T00:01:35.046893+00:00,110.8,50,ask,EarnestEspressos,FlawlessFlatbreads,14441233
2026-07-10T00:01:37.171456,2026-07-10T00:01:37.183325+00:00,110.8,5,ask,Xinhong Shan,FlawlessFlatbreads,14441268
2026-07-10T00:01:37.171456,2026-07-10T00:01:37.183325+00:00,110.6,45,ask,DiligentDonuts,FlawlessFlatbreads,14441269
2026-07-10T00:01:39.292494,2026-07-10T00:01:39.304057+00:00,110.6,50,ask,DiligentDonuts,FlawlessFlatbreads,14441291
2026-07-10T00:01:40.221511,2026-07-10T00:01:40.235078+00:00,110.8,5,bid,Xuanyu Liu,DiligentDonuts,14441302
2026-07-10T00:01:40.236243,2026-07-10T00:01:40.246162+00:00,110.8,1,bid,Xuanyu Liu,DiligentDonuts,14441304
2026-07-10T00:01:40.355010,2026-07-10T00:01:40.356018+00:00,110.8,25,bid,Lachy Miller,DiligentDonuts,14441307
2026-07-10T00:01:41.144690,2026-07-10T00:01:41.156134+00:00,110.8,47,bid,CostlyCorianders,DiligentDonuts,14441311
2026-07-10T00:01:41.410736,2026-07-10T00:01:41.420069+00:00,110.6,5,ask,Xinhong Shan,FlawlessFlatbreads,14441318
2026-07-10T00:01:41.410736,2026-07-10T00:01:41.420069+00:00,110.5,45,ask,EarnestEspressos,FlawlessFlatbreads,14441319
2026-07-10T00:01:41.769135,2026-07-10T00:01:41.780681+00:00,110.5,43,ask,EarnestEspressos,CostlyCorianders,14441324
2026-07-10T00:01:43.369305,2026-07-10T00:01:43.387840+00:00,110.5,4,ask,Xinhong Shan,EarnestEspressos,14441351
2026-07-10T00:01:43.379171,2026-07-10T00:01:43.387840+00:00,110.5,23,bid,Xuanyu Liu,EarnestEspressos,14441352
2026-07-10T00:01:43.517984,2026-07-10T00:01:43.563693+00:00,110.3,50,ask,DiligentDonuts,FlawlessFlatbreads,14441354
2026-07-10T00:01:43.572171,2026-07-10T00:01:43.578665+00:00,110.5,49,bid,Lachy Miller,EarnestEspressos,14441356
2026-07-10T00:01:45.641472,2026-07-10T00:01:45.658621+00:00,110.3,50,ask,DiligentDonuts,FlawlessFlatbreads,14441385
2026-07-10T00:01:46.816814,2026-07-10T00:01:46.828473+00:00,110.5,4,bid,CostlyCorianders,Xinhong Shan,14441411
2026-07-10T00:01:46.816814,2026-07-10T00:01:46.828473+00:00,110.5,41,bid,CostlyCorianders,DiligentDonuts,14441412
2026-07-10T00:01:47.397203,2026-07-10T00:01:47.406483+00:00,110.5,12,bid,Xuanyu Liu,DiligentDonuts,14441421
2026-07-10T00:01:47.631287,2026-07-10T00:01:47.640218+00:00,110.5,11,bid,Xuanyu Liu,DiligentDonuts,14441429
2026-07-10T00:01:47.748058,2026-07-10T00:01:47.754419+00:00,110.3,50,ask,EarnestEspressos,FlawlessFlatbreads,14441432
2026-07-10T00:01:49.138663,2026-07-10T00:01:49.147177+00:00,110.5,1,bid,Kelvin Chan,DiligentDonuts,14441459
2026-07-10T00:01:49.177608,2026-07-10T00:01:49.184805+00:00,110.5,1,bid,Kelvin Chan,DiligentDonuts,14441460
2026-07-10T00:01:49.243527,2026-07-10T00:01:49.251676+00:00,110.5,1,bid,Kelvin Chan,DiligentDonuts,14441463
2026-07-10T00:01:49.710554,2026-07-10T00:01:49.717462+00:00,110.4,40,ask,DiligentDonuts,CostlyCorianders,14441467
2026-07-10T00:01:49.859695,2026-07-10T00:01:49.871083+00:00,110.4,50,ask,DiligentDonuts,FlawlessFlatbreads,14441468
2026-07-10T00:01:50.245958,2026-07-10T00:01:50.257185+00:00,110.5,1,bid,Kelvin Chan,Xinhong Shan,14441478
2026-07-10T00:01:50.742400,2026-07-10T00:01:50.758571+00:00,110.4,10,ask,DiligentDonuts,CostlyCorianders,14441487
2026-07-10T00:01:50.742400,2026-07-10T00:01:50.758571+00:00,110.4,4,ask,Xinhong Shan,CostlyCorianders,14441488
2026-07-10T00:01:50.742400,2026-07-10T00:01:50.758571+00:00,110.2,32,ask,EarnestEspressos,CostlyCorianders,14441489
2026-07-10T00:01:51.917692,2026-07-10T00:01:51.929134+00:00,110.5,4,bid,FlawlessFlatbreads,Xinhong Shan,14441509
2026-07-10T00:01:51.917692,2026-07-10T00:01:51.929134+00:00,110.7,46,bid,FlawlessFlatbreads,EarnestEspressos,14441510
2026-07-10T00:01:54.097151,2026-07-10T00:01:54.108205+00:00,110.4,4,ask,Xinhong Shan,FlawlessFlatbreads,14441545
2026-07-10T00:01:54.097151,2026-07-10T00:01:54.108205+00:00,110.4,4,ask,Kelvin Chan,FlawlessFlatbreads,14441546
2026-07-10T00:01:56.204901,2026-07-10T00:01:56.216515+00:00,110.4,4,ask,Kelvin Chan,FlawlessFlatbreads,14441581
2026-07-10T00:01:56.204901,2026-07-10T00:01:56.216515+00:00,110.4,4,ask,Xinhong Shan,FlawlessFlatbreads,14441582
2026-07-10T00:01:56.569607,2026-07-10T00:01:56.581164+00:00,110.5,4,bid,CostlyCorianders,Xinhong Shan,14441585
2026-07-10T00:01:56.569607,2026-07-10T00:01:56.581164+00:00,110.5,43,bid,CostlyCorianders,DiligentDonuts,14441586
2026-07-10T00:01:57.171489,2026-07-10T00:01:57.178879+00:00,110.5,47,bid,CostlyCorianders,DiligentDonuts,14441595
2026-07-10T00:01:58.324195,2026-07-10T00:01:58.330438+00:00,110.3,5,ask,Kelvin Chan,FlawlessFlatbreads,14441627
2026-07-10T00:01:58.324195,2026-07-10T00:01:58.335719+00:00,110.3,4,ask,Xinhong Shan,FlawlessFlatbreads,14441628
2026-07-10T00:01:58.324195,2026-07-10T00:01:58.335719+00:00,110.2,41,ask,EarnestEspressos,FlawlessFlatbreads,14441629
2026-07-10T00:02:00.438352,2026-07-10T00:02:00.445831+00:00,110.3,50,ask,DiligentDonuts,FlawlessFlatbreads,14441668
2026-07-10T00:02:01.350496,2026-07-10T00:02:01.358615+00:00,110.3,42,ask,DiligentDonuts,CostlyCorianders,14441684
2026-07-10T00:02:02.558816,2026-07-10T00:02:02.570061+00:00,110.3,4,ask,Xinhong Shan,FlawlessFlatbreads,14441702
2026-07-10T00:02:02.558816,2026-07-10T00:02:02.575335+00:00,110.3,1,ask,Kelvin Chan,FlawlessFlatbreads,14441703
2026-07-10T00:02:02.558816,2026-07-10T00:02:02.575335+00:00,110.0,45,ask,EarnestEspressos,FlawlessFlatbreads,14441704
2026-07-10T00:02:04.617185,2026-07-10T00:02:04.628429+00:00,110.4,50,bid,FlawlessFlatbreads,DiligentDonuts,14441735
2026-07-10T00:02:04.865365,2026-07-10T00:02:04.876931+00:00,110.0,46,ask,EarnestEspressos,CostlyCorianders,14441740
2026-07-10T00:02:05.499943,2026-07-10T00:02:05.509828+00:00,110.2,100,ask,DiligentDonuts,EarnestEspressos,14441752
2026-07-10T00:02:05.511245,2026-07-10T00:02:05.520623+00:00,110.2,23,bid,Xuanyu Liu,EarnestEspressos,14441754
2026-07-10T00:02:06.803557,2026-07-10T00:02:06.814333+00:00,110.0,4,ask,Xinhong Shan,FlawlessFlatbreads,14441783
2026-07-10T00:02:06.803557,2026-07-10T00:02:06.814333+00:00,109.8,46,ask,EarnestEspressos,FlawlessFlatbreads,14441784
2026-07-10T00:02:08.859483,2026-07-10T00:02:08.871445+00:00,110.2,4,bid,FlawlessFlatbreads,Xinhong Shan,14441814
2026-07-10T00:02:08.859483,2026-07-10T00:02:08.871445+00:00,110.4,46,bid,FlawlessFlatbreads,DiligentDonuts,14441815
2026-07-10T00:02:09.056068,2026-07-10T00:02:09.067614+00:00,110.4,42,bid,CostlyCorianders,DiligentDonuts,14441817
2026-07-10T00:02:10.801057,2026-07-10T00:02:10.812741+00:00,110.1,3,ask,Kelvin Chan,CostlyCorianders,14441859
2026-07-10T00:02:10.801057,2026-07-10T00:02:10.812741+00:00,110.1,4,ask,Xinhong Shan,CostlyCorianders,14441860
2026-07-10T00:02:10.801057,2026-07-10T00:02:10.812741+00:00,110.0,39,ask,EarnestEspressos,CostlyCorianders,14441861
2026-07-10T00:02:10.969545,2026-07-10T00:02:10.977541+00:00,110.4,12,bid,FlawlessFlatbreads,DiligentDonuts,14441868
2026-07-10T00:02:10.969545,2026-07-10T00:02:10.982798+00:00,110.4,4,bid,FlawlessFlatbreads,Xinhong Shan,14441869
2026-07-10T00:02:10.969545,2026-07-10T00:02:10.982798+00:00,110.5,34,bid,FlawlessFlatbreads,EarnestEspressos,14441870
2026-07-10T00:02:11.321069,2026-07-10T00:02:11.332655+00:00,110.5,43,bid,CostlyCorianders,EarnestEspressos,14441875
2026-07-10T00:02:11.893606,2026-07-10T00:02:11.905402+00:00,110.4,2,bid,CostlyCorianders,Kelvin Chan,14441884
2026-07-10T00:02:11.893606,2026-07-10T00:02:11.905402+00:00,110.5,4,bid,CostlyCorianders,Xinhong Shan,14441885
2026-07-10T00:02:11.893606,2026-07-10T00:02:11.905402+00:00,110.8,42,bid,CostlyCorianders,EarnestEspressos,14441886
2026-07-10T00:02:13.082202,2026-07-10T00:02:13.089925+00:00,110.5,1,bid,FlawlessFlatbreads,Kelvin Chan,14441904
2026-07-10T00:02:13.082202,2026-07-10T00:02:13.095165+00:00,110.8,49,bid,FlawlessFlatbreads,EarnestEspressos,14441905
2026-07-10T00:02:14.938333,2026-07-10T00:02:14.966683+00:00,110.5,2,bid,EarnestEspressos,Kelvin Chan,14441942
2026-07-10T00:02:14.938333,2026-07-10T00:02:14.966683+00:00,110.5,4,bid,EarnestEspressos,Xinhong Shan,14441943
2026-07-10T00:02:14.951379,2026-07-10T00:02:14.966683+00:00,110.7,23,ask,EarnestEspressos,Xuanyu Liu,14441944
2026-07-10T00:02:15.190988,2026-07-10T00:02:15.202485+00:00,110.9,50,bid,FlawlessFlatbreads,DiligentDonuts,14441954
2026-07-10T00:02:15.759018,2026-07-10T00:02:15.768089+00:00,110.7,3,ask,EarnestEspressos,Kelvin Chan,14441962
2026-07-10T00:02:15.926777,2026-07-10T00:02:15.933810+00:00,110.7,3,ask,EarnestEspressos,Kelvin Chan,14441963
2026-07-10T00:02:15.947186,2026-07-10T00:02:15.958493+00:00,110.7,3,ask,EarnestEspressos,Kelvin Chan,14441964
2026-07-10T00:02:16.489826,2026-07-10T00:02:16.496758+00:00,110.7,3,ask,EarnestEspressos,Kelvin Chan,14441970
2026-07-10T00:02:16.766382,2026-07-10T00:02:16.777006+00:00,110.7,3,ask,EarnestEspressos,Kelvin Chan,14441980
2026-07-10T00:02:16.928799,2026-07-10T00:02:16.940187+00:00,110.7,40,ask,EarnestEspressos,CostlyCorianders,14441985
2026-07-10T00:02:17.017001,2026-07-10T00:02:17.026186+00:00,110.7,3,ask,EarnestEspressos,Kelvin Chan,14441986
2026-07-10T00:02:17.233104,2026-07-10T00:02:17.244503+00:00,110.7,3,ask,EarnestEspressos,Kelvin Chan,14441989
2026-07-10T00:02:17.319688,2026-07-10T00:02:17.331373+00:00,110.9,50,bid,FlawlessFlatbreads,DiligentDonuts,14441992
2026-07-10T00:02:17.513146,2026-07-10T00:02:17.520162+00:00,110.7,2,ask,EarnestEspressos,Kelvin Chan,14441993
2026-07-10T00:02:17.542057,2026-07-10T00:02:17.551175+00:00,110.7,2,ask,EarnestEspressos,Kelvin Chan,14441994
2026-07-10T00:02:17.787220,2026-07-10T00:02:17.798607+00:00,110.7,2,ask,EarnestEspressos,Kelvin Chan,14442000
2026-07-10T00:02:17.830937,2026-07-10T00:02:17.839998+00:00,110.7,2,ask,EarnestEspressos,Kelvin Chan,14442001
2026-07-10T00:02:17.851809,2026-07-10T00:02:17.862473+00:00,110.7,23,ask,EarnestEspressos,Xuanyu Liu,14442004
2026-07-10T00:02:17.967309,2026-07-10T00:02:17.977138+00:00,110.7,2,ask,EarnestEspressos,Kelvin Chan,14442007
2026-07-10T00:02:18.011809,2026-07-10T00:02:18.021498+00:00,110.7,27,ask,EarnestEspressos,CostlyCorianders,14442008
2026-07-10T00:02:18.011809,2026-07-10T00:02:18.026977+00:00,110.7,4,ask,Xinhong Shan,CostlyCorianders,14442009
2026-07-10T00:02:18.011809,2026-07-10T00:02:18.026977+00:00,110.4,14,ask,DiligentDonuts,CostlyCorianders,14442010
2026-07-10T00:02:18.158267,2026-07-10T00:02:18.169799+00:00,110.4,100,ask,DiligentDonuts,EarnestEspressos,14442011
2026-07-10T00:02:18.175460,2026-07-10T00:02:18.205397+00:00,110.4,12,bid,Xuanyu Liu,EarnestEspressos,14442012
2026-07-10T00:02:18.268199,2026-07-10T00:02:18.277911+00:00,110.4,10,bid,Xuanyu Liu,EarnestEspressos,14442015
2026-07-10T00:02:18.280725,2026-07-10T00:02:18.322839+00:00,110.4,1,bid,Xuanyu Liu,EarnestEspressos,14442017
2026-07-10T00:02:19.170645,2026-07-10T00:02:19.181648+00:00,110.4,23,bid,Xuanyu Liu,EarnestEspressos,14442031
2026-07-10T00:02:19.429372,2026-07-10T00:02:19.439949+00:00,110.4,4,bid,FlawlessFlatbreads,Xinhong Shan,14442037
2026-07-10T00:02:19.429372,2026-07-10T00:02:19.439949+00:00,110.4,4,bid,FlawlessFlatbreads,EarnestEspressos,14442038
2026-07-10T00:02:19.429372,2026-07-10T00:02:19.439949+00:00,110.7,2,bid,FlawlessFlatbreads,Kelvin Chan,14442039
2026-07-10T00:02:19.429372,2026-07-10T00:02:19.445213+00:00,110.9,40,bid,FlawlessFlatbreads,DiligentDonuts,14442040
2026-07-10T00:02:19.714625,2026-07-10T00:02:19.726858+00:00,110.9,47,bid,CostlyCorianders,DiligentDonuts,14442044
2026-07-10T00:02:21.094778,2026-07-10T00:02:21.106653+00:00,110.3,1,ask,Kelvin Chan,CostlyCorianders,14442083
2026-07-10T00:02:21.094778,2026-07-10T00:02:21.106653+00:00,110.3,4,ask,Xinhong Shan,CostlyCorianders,14442084
2026-07-10T00:02:21.094778,2026-07-10T00:02:21.106653+00:00,109.9,37,ask,EarnestEspressos,CostlyCorianders,14442085
2026-07-10T00:02:21.281315,2026-07-10T00:02:21.290407+00:00,110.4,12,ask,EarnestEspressos,Xuanyu Liu,14442089
2026-07-10T00:02:21.568517,2026-07-10T00:02:21.574884+00:00,110.6,5,bid,FlawlessFlatbreads,Kelvin Chan,14442097
2026-07-10T00:02:21.568517,2026-07-10T00:02:21.574884+00:00,110.6,4,bid,CostlyCorianders,Kelvin Chan,14442098
2026-07-10T00:02:21.568517,2026-07-10T00:02:21.574884+00:00,110.9,41,bid,FlawlessFlatbreads,EarnestEspressos,14442099
2026-07-10T00:02:21.601354,2026-07-10T00:02:21.612826+00:00,110.6,4,bid,FlawlessFlatbreads,Xinhong Shan,14442100
2026-07-10T00:02:21.601354,2026-07-10T00:02:21.612826+00:00,110.9,43,bid,CostlyCorianders,EarnestEspressos,14442101
2026-07-10T00:02:23.680036,2026-07-10T00:02:23.691967+00:00,110.6,4,bid,FlawlessFlatbreads,Xinhong Shan,14442143
2026-07-10T00:02:23.680036,2026-07-10T00:02:23.691967+00:00,110.7,1,bid,FlawlessFlatbreads,Kelvin Chan,14442144
2026-07-10T00:02:23.680036,2026-07-10T00:02:23.697188+00:00,110.9,45,bid,FlawlessFlatbreads,EarnestEspressos,14442145
2026-07-10T00:02:24.449290,2026-07-10T00:02:24.462911+00:00,110.8,45,ask,EarnestEspressos,Xuanyu Liu,14442158
2026-07-10T00:02:24.464068,2026-07-10T00:02:24.472697+00:00,110.8,12,ask,EarnestEspressos,Xuanyu Liu,14442162
2026-07-10T00:02:24.634507,2026-07-10T00:02:24.642761+00:00,110.8,1,ask,EarnestEspressos,Kelvin Chan,14442164
2026-07-10T00:02:25.631716,2026-07-10T00:02:25.643111+00:00,110.8,1,ask,EarnestEspressos,Kelvin Chan,14442178
2026-07-10T00:02:25.676774,2026-07-10T00:02:25.686578+00:00,110.8,1,ask,EarnestEspressos,Kelvin Chan,14442179
2026-07-10T00:02:25.852919,2026-07-10T00:02:25.864345+00:00,110.8,50,ask,EarnestEspressos,FlawlessFlatbreads,14442189
2026-07-10T00:02:26.537337,2026-07-10T00:02:26.546577+00:00,110.8,1,ask,EarnestEspressos,Kelvin Chan,14442196
2026-07-10T00:02:27.080334,2026-07-10T00:02:27.088911+00:00,110.8,11,ask,EarnestEspressos,Xuanyu Liu,14442207
2026-07-10T00:02:27.305926,2026-07-10T00:02:27.317415+00:00,110.8,28,ask,EarnestEspressos,CostlyCorianders,14442211
2026-07-10T00:02:27.305926,2026-07-10T00:02:27.317415+00:00,110.8,4,ask,Xinhong Shan,CostlyCorianders,14442212
2026-07-10T00:02:27.305926,2026-07-10T00:02:27.317415+00:00,110.4,10,ask,DiligentDonuts,CostlyCorianders,14442213
2026-07-10T00:02:27.671487,2026-07-10T00:02:27.680146+00:00,110.5,6,bid,Xuanyu Liu,EarnestEspressos,14442223
2026-07-10T00:02:27.681292,2026-07-10T00:02:27.688885+00:00,110.5,5,bid,Xuanyu Liu,EarnestEspressos,14442225
2026-07-10T00:02:27.776408,2026-07-10T00:02:27.784608+00:00,110.5,5,bid,Xuanyu Liu,EarnestEspressos,14442228
2026-07-10T00:02:29.245136,2026-07-10T00:02:29.254012+00:00,110.5,40,bid,CostlyCorianders,EarnestEspressos,14442251
2026-07-10T00:02:29.301235,2026-07-10T00:02:29.308096+00:00,110.4,2,ask,Kelvin Chan,CostlyCorianders,14442252
2026-07-10T00:02:29.301235,2026-07-10T00:02:29.313085+00:00,110.4,4,ask,Xinhong Shan,CostlyCorianders,14442253
2026-07-10T00:02:29.301235,2026-07-10T00:02:29.313085+00:00,110.1,42,ask,DiligentDonuts,CostlyCorianders,14442254
2026-07-10T00:02:30.037491,2026-07-10T00:02:30.048891+00:00,110.5,50,bid,FlawlessFlatbreads,EarnestEspressos,14442271
2026-07-10T00:02:30.100006,2026-07-10T00:02:30.108779+00:00,110.5,7,bid,Xuanyu Liu,EarnestEspressos,14442275
2026-07-10T00:02:30.774591,2026-07-10T00:02:30.781687+00:00,110.5,4,bid,EarnestEspressos,Xinhong Shan,14442284
2026-07-10T00:02:30.833075,2026-07-10T00:02:30.844432+00:00,110.5,100,ask,EarnestEspressos,DiligentDonuts,14442286
2026-07-10T00:02:30.881674,2026-07-10T00:02:30.889974+00:00,110.5,40,ask,EarnestEspressos,CostlyCorianders,14442288
2026-07-10T00:02:32.231833,2026-07-10T00:02:32.242842+00:00,110.5,6,ask,EarnestEspressos,FlawlessFlatbreads,14442305
2026-07-10T00:02:32.231833,2026-07-10T00:02:32.242842+00:00,110.5,4,ask,Xinhong Shan,FlawlessFlatbreads,14442306
2026-07-10T00:02:32.231833,2026-07-10T00:02:32.242842+00:00,110.4,4,ask,Kelvin Chan,FlawlessFlatbreads,14442307
2026-07-10T00:02:34.000252,2026-07-10T00:02:34.008227+00:00,110.4,4,ask,Kelvin Chan,EarnestEspressos,14442339
2026-07-10T00:02:34.000252,2026-07-10T00:02:34.013446+00:00,110.4,4,ask,Xinhong Shan,EarnestEspressos,14442340
2026-07-10T00:02:34.000252,2026-07-10T00:02:34.013446+00:00,110.3,100,ask,DiligentDonuts,EarnestEspressos,14442341
2026-07-10T00:02:34.045042,2026-07-10T00:02:34.056790+00:00,110.3,11,bid,Xuanyu Liu,EarnestEspressos,14442343
2026-07-10T00:02:36.466536,2026-07-10T00:02:36.474706+00:00,109.8,50,ask,EarnestEspressos,FlawlessFlatbreads,14442384
2026-07-10T00:02:36.791946,2026-07-10T00:02:36.802349+00:00,110.3,3,bid,Kelvin Chan,EarnestEspressos,14442388
2026-07-10T00:02:36.794980,2026-07-10T00:02:36.802349+00:00,110.3,28,bid,CostlyCorianders,EarnestEspressos,14442389
2026-07-10T00:02:36.794980,2026-07-10T00:02:36.807838+00:00,110.3,4,bid,CostlyCorianders,Xinhong Shan,14442390
2026-07-10T00:02:36.794980,2026-07-10T00:02:36.807838+00:00,110.7,1,bid,CostlyCorianders,Kelvin Chan,14442391
2026-07-10T00:02:36.794980,2026-07-10T00:02:36.807838+00:00,110.8,14,bid,CostlyCorianders,DiligentDonuts,14442392
2026-07-10T00:02:38.487637,2026-07-10T00:02:38.499221+00:00,110.4,43,bid,CostlyCorianders,DiligentDonuts,14442418
2026-07-10T00:02:40.627176,2026-07-10T00:02:40.636644+00:00,110.4,4,bid,FlawlessFlatbreads,Xinhong Shan,14442453
2026-07-10T00:02:40.627176,2026-07-10T00:02:40.636644+00:00,110.6,3,bid,FlawlessFlatbreads,Kelvin Chan,14442454
2026-07-10T00:02:40.627176,2026-07-10T00:02:40.641882+00:00,110.6,43,bid,FlawlessFlatbreads,DiligentDonuts,14442455
2026-07-10T00:02:42.741040,2026-07-10T00:02:42.750405+00:00,110.5,4,bid,FlawlessFlatbreads,Xinhong Shan,14442485
2026-07-10T00:02:42.741040,2026-07-10T00:02:42.750405+00:00,110.6,46,bid,FlawlessFlatbreads,DiligentDonuts,14442486
2026-07-10T00:02:43.034309,2026-07-10T00:02:43.045945+00:00,110.3,4,ask,Xinhong Shan,CostlyCorianders,14442492
2026-07-10T00:02:43.034309,2026-07-10T00:02:43.045945+00:00,110.2,45,ask,EarnestEspressos,CostlyCorianders,14442493
2026-07-10T00:02:44.850208,2026-07-10T00:02:44.858556+00:00,110.5,50,bid,FlawlessFlatbreads,EarnestEspressos,14442530
2026-07-10T00:02:46.657791,2026-07-10T00:02:46.669355+00:00,110.4,4,ask,Xinhong Shan,CostlyCorianders,14442559
2026-07-10T00:02:46.657791,2026-07-10T00:02:46.669355+00:00,110.3,1,ask,Kelvin Chan,CostlyCorianders,14442560
2026-07-10T00:02:46.657791,2026-07-10T00:02:46.669355+00:00,110.3,38,ask,DiligentDonuts,CostlyCorianders,14442561
2026-07-10T00:02:46.986663,2026-07-10T00:02:46.998001+00:00,110.5,4,bid,FlawlessFlatbreads,Xinhong Shan,14442567
2026-07-10T00:02:46.986663,2026-07-10T00:02:46.998001+00:00,110.6,5,bid,FlawlessFlatbreads,Kelvin Chan,14442568
2026-07-10T00:02:46.986663,2026-07-10T00:02:46.998001+00:00,110.7,41,bid,FlawlessFlatbreads,EarnestEspressos,14442569
2026-07-10T00:02:47.881690,2026-07-10T00:02:47.889893+00:00,110.6,4,bid,CostlyCorianders,Xinhong Shan,14442580
2026-07-10T00:02:47.881690,2026-07-10T00:02:47.894951+00:00,110.6,4,bid,CostlyCorianders,Kelvin Chan,14442581
2026-07-10T00:02:47.881690,2026-07-10T00:02:47.894951+00:00,110.7,35,bid,CostlyCorianders,EarnestEspressos,14442582
2026-07-10T00:02:49.097643,2026-07-10T00:02:49.109008+00:00,110.7,50,bid,FlawlessFlatbreads,EarnestEspressos,14442607
2026-07-10T00:02:49.796718,2026-07-10T00:02:49.805986+00:00,110.6,1,bid,EarnestEspressos,Kelvin Chan,14442613
2026-07-10T00:02:49.796718,2026-07-10T00:02:49.805986+00:00,110.7,4,bid,EarnestEspressos,Xinhong Shan,14442614
2026-07-10T00:02:49.812591,2026-07-10T00:02:49.821372+00:00,110.7,34,ask,EarnestEspressos,Xuanyu Liu,14442615
2026-07-10T00:02:49.855342,2026-07-10T00:02:49.863307+00:00,110.7,1,ask,EarnestEspressos,Kelvin Chan,14442617
2026-07-10T00:02:49.909279,2026-07-10T00:02:49.918581+00:00,110.7,1,ask,EarnestEspressos,Kelvin Chan,14442618
2026-07-10T00:02:49.992891,2026-07-10T00:02:50.001777+00:00,110.7,1,ask,EarnestEspressos,Kelvin Chan,14442620
2026-07-10T00:02:50.058939,2026-07-10T00:02:50.068119+00:00,110.7,1,ask,EarnestEspressos,Kelvin Chan,14442623
2026-07-10T00:02:50.104418,2026-07-10T00:02:50.115974+00:00,110.7,1,ask,EarnestEspressos,Kelvin Chan,14442624
2026-07-10T00:02:50.131772,2026-07-10T00:02:50.143115+00:00,110.7,1,ask,EarnestEspressos,Kelvin Chan,14442626
2026-07-10T00:02:50.163887,2026-07-10T00:02:50.173710+00:00,110.7,1,ask,EarnestEspressos,Kelvin Chan,14442627
2026-07-10T00:02:50.317855,2026-07-10T00:02:50.325984+00:00,110.7,1,ask,EarnestEspressos,Kelvin Chan,14442631
2026-07-10T00:02:50.755692,2026-07-10T00:02:50.765419+00:00,110.7,3,ask,EarnestEspressos,Xuanyu Liu,14442645
2026-07-10T00:02:51.234457,2026-07-10T00:02:51.246022+00:00,110.8,50,bid,FlawlessFlatbreads,DiligentDonuts,14442654
2026-07-10T00:02:51.908375,2026-07-10T00:02:51.916672+00:00,110.7,40,ask,EarnestEspressos,Andy Garg,14442672
2026-07-10T00:02:53.343368,2026-07-10T00:02:53.358577+00:00,110.8,5,bid,FlawlessFlatbreads,Xinhong Shan,14442707
2026-07-10T00:02:53.343368,2026-07-10T00:02:53.358577+00:00,110.8,45,bid,FlawlessFlatbreads,DiligentDonuts,14442708
2026-07-10T00:02:54.088900,2026-07-10T00:02:54.100180+00:00,110.8,49,bid,CostlyCorianders,DiligentDonuts,14442723
2026-07-10T00:02:55.471326,2026-07-10T00:02:55.482661+00:00,110.8,6,bid,FlawlessFlatbreads,DiligentDonuts,14442755
2026-07-10T00:02:55.471326,2026-07-10T00:02:55.482661+00:00,110.8,44,bid,FlawlessFlatbreads,EarnestEspressos,14442756
2026-07-10T00:02:56.104631,2026-07-10T00:02:56.116004+00:00,110.8,5,bid,DiligentDonuts,Xinhong Shan,14442779
2026-07-10T00:02:57.583635,2026-07-10T00:02:57.595050+00:00,111.1,40,bid,FlawlessFlatbreads,Andy Garg,14442804
2026-07-10T00:02:57.583635,2026-07-10T00:02:57.595050+00:00,111.2,10,bid,FlawlessFlatbreads,EarnestEspressos,14442805
2026-07-10T00:02:58.770603,2026-07-10T00:02:58.782013+00:00,110.9,42,ask,DiligentDonuts,CostlyCorianders,14442835
2026-07-10T00:02:59.698006,2026-07-10T00:02:59.705340+00:00,111.1,50,bid,FlawlessFlatbreads,DiligentDonuts,14442848
2026-07-10T00:03:00.722609,2026-07-10T00:03:00.730972+00:00,110.9,5,ask,Xinhong Shan,CostlyCorianders,14442859
2026-07-10T00:03:00.722609,2026-07-10T00:03:00.730972+00:00,110.6,40,ask,Andy Garg,CostlyCorianders,14442860
2026-07-10T00:03:00.722609,2026-07-10T00:03:00.736361+00:00,110.6,2,ask,DiligentDonuts,CostlyCorianders,14442861
2026-07-10T00:03:01.799265,2026-07-10T00:03:01.810801+00:00,111.1,47,bid,CostlyCorianders,DiligentDonuts,14442887
2026-07-10T00:03:01.803905,2026-07-10T00:03:01.810801+00:00,111.1,3,bid,FlawlessFlatbreads,DiligentDonuts,14442888
2026-07-10T00:03:01.803905,2026-07-10T00:03:01.816007+00:00,111.1,47,bid,FlawlessFlatbreads,EarnestEspressos,14442889
2026-07-10T00:03:03.927553,2026-07-10T00:03:03.934089+00:00,111.0,99,ask,DiligentDonuts,Lachy Miller,14442939
2026-07-10T00:03:03.935709,2026-07-10T00:03:03.944481+00:00,111.1,5,bid,FlawlessFlatbreads,Xinhong Shan,14442940
2026-07-10T00:03:03.935709,2026-07-10T00:03:03.944481+00:00,111.3,40,bid,FlawlessFlatbreads,Andy Garg,14442941
2026-07-10T00:03:04.137717,2026-07-10T00:03:04.144467+00:00,111.0,1,ask,DiligentDonuts,Lachy Miller,14442944
2026-07-10T00:03:04.137717,2026-07-10T00:03:04.149667+00:00,111.0,5,ask,Xinhong Shan,Lachy Miller,14442945
2026-07-10T00:03:04.788530,2026-07-10T00:03:04.799788+00:00,110.9,44,ask,EarnestEspressos,CostlyCorianders,14442952
2026-07-10T00:03:05.323747,2026-07-10T00:03:05.332679+00:00,111.0,2,bid,CostlyCorianders,Kelvin Chan,14442962
2026-07-10T00:03:05.323747,2026-07-10T00:03:05.338170+00:00,111.0,5,bid,CostlyCorianders,Xinhong Shan,14442963
2026-07-10T00:03:05.323747,2026-07-10T00:03:05.338170+00:00,111.2,38,bid,CostlyCorianders,Andy Garg,14442964
2026-07-10T00:03:06.099608,2026-07-10T00:03:06.118980+00:00,110.9,5,ask,Xinhong Shan,FlawlessFlatbreads,14442982
2026-07-10T00:03:06.099608,2026-07-10T00:03:06.118980+00:00,110.7,1,ask,Kelvin Chan,FlawlessFlatbreads,14442983
2026-07-10T00:03:06.099608,2026-07-10T00:03:06.118980+00:00,110.7,40,ask,Andy Garg,FlawlessFlatbreads,14442984
2026-07-10T00:03:08.159082,2026-07-10T00:03:08.170579+00:00,111.0,5,bid,FlawlessFlatbreads,Xinhong Shan,14443026
2026-07-10T00:03:08.159082,2026-07-10T00:03:08.170579+00:00,111.0,5,bid,FlawlessFlatbreads,Kelvin Chan,14443027
2026-07-10T00:03:08.159082,2026-07-10T00:03:08.170579+00:00,111.1,40,bid,FlawlessFlatbreads,DiligentDonuts,14443028
2026-07-10T00:03:10.093687,2026-07-10T00:03:10.105128+00:00,110.6,45,ask,DiligentDonuts,CostlyCorianders,14443071
2026-07-10T00:03:12.457900,2026-07-10T00:03:12.469782+00:00,110.6,38,ask,Andy Garg,FlawlessFlatbreads,14443115
2026-07-10T00:03:12.457900,2026-07-10T00:03:12.469782+00:00,110.6,12,ask,DiligentDonuts,FlawlessFlatbreads,14443116
2026-07-10T00:03:14.231292,2026-07-10T00:03:14.242909+00:00,110.6,45,ask,DiligentDonuts,CostlyCorianders,14443149
2026-07-10T00:03:14.599323,2026-07-10T00:03:14.606929+00:00,111.0,2,bid,Lachy Miller,Kelvin Chan,14443158
2026-07-10T00:03:14.599323,2026-07-10T00:03:14.612455+00:00,111.0,4,bid,Lachy Miller,Xinhong Shan,14443159
2026-07-10T00:03:16.653519,2026-07-10T00:03:16.665551+00:00,111.0,5,bid,FlawlessFlatbreads,Xinhong Shan,14443197
2026-07-10T00:03:16.653519,2026-07-10T00:03:16.665551+00:00,111.1,45,bid,FlawlessFlatbreads,DiligentDonuts,14443198
2026-07-10T00:03:17.237983,2026-07-10T00:03:17.246592+00:00,111.1,47,bid,CostlyCorianders,DiligentDonuts,14443220
2026-07-10T00:03:18.818102,2026-07-10T00:03:18.825040+00:00,110.9,50,ask,DiligentDonuts,FlawlessFlatbreads,14443250
2026-07-10T00:03:19.209187,2026-07-10T00:03:19.218078+00:00,110.9,48,ask,DiligentDonuts,CostlyCorianders,14443259
2026-07-10T00:03:20.873990,2026-07-10T00:03:20.885477+00:00,111.1,5,bid,FlawlessFlatbreads,Xinhong Shan,14443286
2026-07-10T00:03:20.873990,2026-07-10T00:03:20.885477+00:00,111.3,40,bid,FlawlessFlatbreads,Andy Garg,14443287
2026-07-10T00:03:20.873990,2026-07-10T00:03:20.885477+00:00,111.3,5,bid,FlawlessFlatbreads,EarnestEspressos,14443288
2026-07-10T00:03:21.860452,2026-07-10T00:03:21.868845+00:00,111.1,42,bid,CostlyCorianders,DiligentDonuts,14443309
2026-07-10T00:03:23.067594,2026-07-10T00:03:23.080729+00:00,110.9,5,ask,Xinhong Shan,FlawlessFlatbreads,14443340
2026-07-10T00:03:23.067594,2026-07-10T00:03:23.080729+00:00,110.8,45,ask,EarnestEspressos,FlawlessFlatbreads,14443341
2026-07-10T00:03:23.625535,2026-07-10T00:03:23.637105+00:00,110.8,43,ask,EarnestEspressos,CostlyCorianders,14443355
2026-07-10T00:03:25.179977,2026-07-10T00:03:25.187896+00:00,110.8,4,ask,Kelvin Chan,FlawlessFlatbreads,14443390
2026-07-10T00:03:25.179977,2026-07-10T00:03:25.187896+00:00,110.8,5,ask,Xinhong Shan,FlawlessFlatbreads,14443391
2026-07-10T00:03:25.179977,2026-07-10T00:03:25.193164+00:00,110.7,40,ask,Andy Garg,FlawlessFlatbreads,14443392
2026-07-10T00:03:25.179977,2026-07-10T00:03:25.193164+00:00,110.6,1,ask,DiligentDonuts,FlawlessFlatbreads,14443393
2026-07-10T00:03:27.310545,2026-07-10T00:03:27.320998+00:00,110.6,50,ask,DiligentDonuts,FlawlessFlatbreads,14443430
2026-07-10T00:03:27.549697,2026-07-10T00:03:27.558896+00:00,110.9,3,bid,Xuanyu Liu,EarnestEspressos,14443435
2026-07-10T00:03:28.386268,2026-07-10T00:03:28.397933+00:00,110.9,5,bid,CostlyCorianders,Xinhong Shan,14443451
2026-07-10T00:03:28.386268,2026-07-10T00:03:28.397933+00:00,111.1,40,bid,CostlyCorianders,DiligentDonuts,14443452
2026-07-10T00:03:29.421235,2026-07-10T00:03:29.432096+00:00,110.8,40,ask,Andy Garg,FlawlessFlatbreads,14443474
2026-07-10T00:03:29.421235,2026-07-10T00:03:29.432096+00:00,110.7,5,ask,Xinhong Shan,FlawlessFlatbreads,14443475
2026-07-10T00:03:29.421235,2026-07-10T00:03:29.437345+00:00,110.6,5,ask,DiligentDonuts,FlawlessFlatbreads,14443476
2026-07-10T00:03:30.419689,2026-07-10T00:03:30.431016+00:00,111.1,41,bid,CostlyCorianders,DiligentDonuts,14443495
2026-07-10T00:03:31.446623,2026-07-10T00:03:31.463864+00:00,111.1,5,bid,CostlyCorianders,Xinhong Shan,14443507
2026-07-10T00:03:31.481578,2026-07-10T00:03:31.493020+00:00,111.2,50,bid,FlawlessFlatbreads,EarnestEspressos,14443508
2026-07-10T00:03:33.606740,2026-07-10T00:03:33.614672+00:00,111.2,50,bid,FlawlessFlatbreads,EarnestEspressos,14443549
2026-07-10T00:03:34.184892,2026-07-10T00:03:34.196567+00:00,111.2,5,bid,EarnestEspressos,Xinhong Shan,14443558
2026-07-10T00:03:34.572173,2026-07-10T00:03:34.584981+00:00,111.2,3,ask,EarnestEspressos,Xuanyu Liu,14443569
2026-07-10T00:03:35.034437,2026-07-10T00:03:35.045699+00:00,111.2,47,ask,EarnestEspressos,CostlyCorianders,14443575
2026-07-10T00:03:35.716156,2026-07-10T00:03:35.727985+00:00,111.3,40,bid,FlawlessFlatbreads,Andy Garg,14443582
2026-07-10T00:03:35.716156,2026-07-10T00:03:35.727985+00:00,111.4,5,bid,FlawlessFlatbreads,Xinhong Shan,14443583
2026-07-10T00:03:35.716156,2026-07-10T00:03:35.727985+00:00,111.5,5,bid,FlawlessFlatbreads,DiligentDonuts,14443584
2026-07-10T00:03:37.695924,2026-07-10T00:03:37.706628+00:00,111.2,3,ask,Xinhong Shan,Kelvin Chan,14443609
2026-07-10T00:03:37.839403,2026-07-10T00:03:37.858598+00:00,111.3,50,bid,FlawlessFlatbreads,EarnestEspressos,14443616
2026-07-10T00:03:38.287136,2026-07-10T00:03:38.299092+00:00,111.2,3,ask,Xinhong Shan,Kelvin Chan,14443626
2026-07-10T00:03:38.381166,2026-07-10T00:03:38.390530+00:00,111.2,2,ask,Xinhong Shan,CostlyCorianders,14443629
2026-07-10T00:03:38.381166,2026-07-10T00:03:38.390530+00:00,111.0,41,ask,DiligentDonuts,CostlyCorianders,14443630
2026-07-10T00:03:38.871879,2026-07-10T00:03:38.878466+00:00,111.3,46,bid,CostlyCorianders,EarnestEspressos,14443633
2026-07-10T00:03:39.946480,2026-07-10T00:03:39.958049+00:00,111.3,50,bid,FlawlessFlatbreads,EarnestEspressos,14443647
2026-07-10T00:03:40.241289,2026-07-10T00:03:40.250439+00:00,111.3,4,bid,CostlyCorianders,EarnestEspressos,14443654
2026-07-10T00:03:40.241289,2026-07-10T00:03:40.250439+00:00,111.3,2,bid,CostlyCorianders,Kelvin Chan,14443655
2026-07-10T00:03:40.241289,2026-07-10T00:03:40.255441+00:00,111.3,5,bid,CostlyCorianders,Xinhong Shan,14443656
2026-07-10T00:03:40.241289,2026-07-10T00:03:40.255441+00:00,111.5,33,bid,CostlyCorianders,DiligentDonuts,14443657
2026-07-10T00:03:40.734124,2026-07-10T00:03:40.741982+00:00,111.4,2,ask,EarnestEspressos,Kelvin Chan,14443664
2026-07-10T00:03:41.294096,2026-07-10T00:03:41.302651+00:00,111.4,1,ask,EarnestEspressos,Kelvin Chan,14443670
2026-07-10T00:03:41.370772,2026-07-10T00:03:41.382172+00:00,111.4,2,ask,EarnestEspressos,Kelvin Chan,14443676
2026-07-10T00:03:41.768685,2026-07-10T00:03:41.780117+00:00,111.4,2,ask,EarnestEspressos,Kelvin Chan,14443680
2026-07-10T00:03:41.835068,2026-07-10T00:03:41.843557+00:00,111.4,1,ask,EarnestEspressos,Kelvin Chan,14443681
2026-07-10T00:03:41.961271,2026-07-10T00:03:41.969893+00:00,111.4,2,ask,EarnestEspressos,Kelvin Chan,14443682
2026-07-10T00:03:42.076113,2026-07-10T00:03:42.087823+00:00,111.5,40,bid,FlawlessFlatbreads,Andy Garg,14443684
2026-07-10T00:03:42.076113,2026-07-10T00:03:42.087823+00:00,111.5,10,bid,FlawlessFlatbreads,DiligentDonuts,14443685
2026-07-10T00:03:42.745089,2026-07-10T00:03:42.758583+00:00,111.4,46,ask,EarnestEspressos,CostlyCorianders,14443703
2026-07-10T00:03:43.722000,2026-07-10T00:03:43.728744+00:00,111.5,5,bid,CostlyCorianders,Xinhong Shan,14443726
2026-07-10T00:03:43.722000,2026-07-10T00:03:43.734207+00:00,111.6,43,bid,CostlyCorianders,DiligentDonuts,14443727
2026-07-10T00:03:44.235029,2026-07-10T00:03:44.246970+00:00,111.4,5,ask,Xinhong Shan,CostlyCorianders,14443733
2026-07-10T00:03:44.235029,2026-07-10T00:03:44.246970+00:00,111.3,41,ask,EarnestEspressos,CostlyCorianders,14443734
2026-07-10T00:03:44.873720,2026-07-10T00:03:44.885495+00:00,111.6,41,bid,CostlyCorianders,DiligentDonuts,14443740
2026-07-10T00:03:46.351970,2026-07-10T00:03:46.363594+00:00,111.3,50,ask,EarnestEspressos,FlawlessFlatbreads,14443766
2026-07-10T00:03:48.459525,2026-07-10T00:03:48.468635+00:00,111.3,5,ask,Xinhong Shan,FlawlessFlatbreads,14443796
2026-07-10T00:03:48.459525,2026-07-10T00:03:48.468635+00:00,111.2,45,ask,DiligentDonuts,FlawlessFlatbreads,14443797
2026-07-10T00:03:50.071811,2026-07-10T00:03:50.079712+00:00,111.2,5,ask,Xinhong Shan,EarnestEspressos,14443827
2026-07-10T00:03:50.568684,2026-07-10T00:03:50.580209+00:00,111.1,1,ask,Kelvin Chan,FlawlessFlatbreads,14443833
2026-07-10T00:03:50.568684,2026-07-10T00:03:50.580209+00:00,111.1,5,ask,Xinhong Shan,FlawlessFlatbreads,14443834
2026-07-10T00:03:50.568684,2026-07-10T00:03:50.580209+00:00,110.9,44,ask,DiligentDonuts,FlawlessFlatbreads,14443835
2026-07-10T00:03:52.627887,2026-07-10T00:03:52.639173+00:00,111.2,50,bid,FlawlessFlatbreads,EarnestEspressos,14443870
2026-07-10T00:03:53.667313,2026-07-10T00:03:53.676789+00:00,111.1,1,ask,Kelvin Chan,CostlyCorianders,14443886
2026-07-10T00:03:53.667313,2026-07-10T00:03:53.676789+00:00,111.1,5,ask,Xinhong Shan,CostlyCorianders,14443887
2026-07-10T00:03:53.667313,2026-07-10T00:03:53.682106+00:00,111.0,42,ask,EarnestEspressos,CostlyCorianders,14443888
2026-07-10T00:03:54.735478,2026-07-10T00:03:54.744169+00:00,111.2,5,bid,FlawlessFlatbreads,Xinhong Shan,14443910
2026-07-10T00:03:54.735478,2026-07-10T00:03:54.758634+00:00,111.4,3,bid,FlawlessFlatbreads,Kelvin Chan,14443911
2026-07-10T00:03:54.735478,2026-07-10T00:03:54.758634+00:00,111.4,42,bid,FlawlessFlatbreads,DiligentDonuts,14443912
2026-07-10T00:03:55.202532,2026-07-10T00:03:55.211052+00:00,111.4,48,bid,CostlyCorianders,DiligentDonuts,14443930
2026-07-10T00:03:56.242146,2026-07-10T00:03:56.258555+00:00,111.1,1,ask,Kelvin Chan,CostlyCorianders,14443943
2026-07-10T00:03:56.242146,2026-07-10T00:03:56.258555+00:00,111.0,40,ask,EarnestEspressos,CostlyCorianders,14443944
2026-07-10T00:03:56.845015,2026-07-10T00:03:56.856519+00:00,111.1,50,bid,FlawlessFlatbreads,EarnestEspressos,14443958
2026-07-10T00:04:00.003782,2026-07-10T00:04:00.016893+00:00,111.1,5,bid,CostlyCorianders,Xinhong Shan,14444007
2026-07-10T00:04:00.003782,2026-07-10T00:04:00.016893+00:00,111.2,38,bid,CostlyCorianders,EarnestEspressos,14444008
2026-07-10T00:04:00.369977,2026-07-10T00:04:00.380540+00:00,111.0,3,ask,Xinhong Shan,Xuanyu Liu,14444018
2026-07-10T00:04:00.499204,2026-07-10T00:04:00.506333+00:00,111.0,2,ask,Xinhong Shan,Lachy Miller,14444024
2026-07-10T00:04:00.499204,2026-07-10T00:04:00.511757+00:00,111.0,5,ask,Kelvin Chan,Lachy Miller,14444025
2026-07-10T00:04:00.538446,2026-07-10T00:04:00.545496+00:00,110.9,45,ask,DiligentDonuts,CostlyCorianders,14444027
2026-07-10T00:04:01.108039,2026-07-10T00:04:01.118284+00:00,110.9,50,ask,DiligentDonuts,FlawlessFlatbreads,14444041
2026-07-10T00:04:02.518857,2026-07-10T00:04:02.530669+00:00,111.1,5,bid,CostlyCorianders,Xinhong Shan,14444064
2026-07-10T00:04:02.518857,2026-07-10T00:04:02.530669+00:00,111.2,36,bid,CostlyCorianders,EarnestEspressos,14444065
2026-07-10T00:04:03.163764,2026-07-10T00:04:03.175457+00:00,111.1,50,bid,FlawlessFlatbreads,DiligentDonuts,14444079
2026-07-10T00:04:04.295367,2026-07-10T00:04:04.304161+00:00,111.1,3,bid,Xuanyu Liu,DiligentDonuts,14444113
2026-07-10T00:04:05.173994,2026-07-10T00:04:05.185771+00:00,110.9,5,ask,Xinhong Shan,CostlyCorianders,14444126
2026-07-10T00:04:05.173994,2026-07-10T00:04:05.185771+00:00,110.8,43,ask,EarnestEspressos,CostlyCorianders,14444127
2026-07-10T00:04:05.273994,2026-07-10T00:04:05.283882+00:00,111.1,47,bid,FlawlessFlatbreads,DiligentDonuts,14444129
2026-07-10T00:04:05.273994,2026-07-10T00:04:05.283882+00:00,111.1,3,bid,FlawlessFlatbreads,Xinhong Shan,14444130
2026-07-10T00:04:06.332970,2026-07-10T00:04:06.344712+00:00,111.1,5,bid,CostlyCorianders,Xinhong Shan,14444150
2026-07-10T00:04:06.332970,2026-07-10T00:04:06.344712+00:00,111.3,40,bid,CostlyCorianders,Andy Garg,14444151
2026-07-10T00:04:06.332970,2026-07-10T00:04:06.344712+00:00,111.3,2,bid,CostlyCorianders,EarnestEspressos,14444152
2026-07-10T00:04:07.383134,2026-07-10T00:04:07.394553+00:00,111.3,50,bid,FlawlessFlatbreads,EarnestEspressos,14444174
2026-07-10T00:04:09.885805,2026-07-10T00:04:09.892313+00:00,111.0,5,ask,Kelvin Chan,CostlyCorianders,14444221
2026-07-10T00:04:09.885805,2026-07-10T00:04:09.892313+00:00,111.0,44,ask,DiligentDonuts,CostlyCorianders,14444222
2026-07-10T00:04:12.216396,2026-07-10T00:04:12.228019+00:00,111.3,5,bid,EarnestEspressos,Xinhong Shan,14444266
2026-07-10T00:04:13.492875,2026-07-10T00:04:13.502577+00:00,111.3,3,ask,EarnestEspressos,Xuanyu Liu,14444289
2026-07-10T00:04:13.534129,2026-07-10T00:04:13.545506+00:00,111.3,43,ask,EarnestEspressos,Lachy Miller,14444292
2026-07-10T00:04:13.699981,2026-07-10T00:04:13.711695+00:00,111.5,40,bid,FlawlessFlatbreads,Andy Garg,14444295
2026-07-10T00:04:13.699981,2026-07-10T00:04:13.711695+00:00,111.6,10,bid,FlawlessFlatbreads,DiligentDonuts,14444296
2026-07-10T00:04:15.383746,2026-07-10T00:04:15.393073+00:00,111.6,5,bid,CostlyCorianders,Xinhong Shan,14444337
2026-07-10T00:04:15.383746,2026-07-10T00:04:15.393073+00:00,111.6,35,bid,CostlyCorianders,DiligentDonuts,14444338
2026-07-10T00:04:15.809109,2026-07-10T00:04:15.820537+00:00,111.5,50,bid,FlawlessFlatbreads,EarnestEspressos,14444346
2026-07-10T00:04:17.918965,2026-07-10T00:04:17.930707+00:00,111.5,50,bid,FlawlessFlatbreads,EarnestEspressos,14444387
2026-07-10T00:04:18.230491,2026-07-10T00:04:18.239283+00:00,111.3,5,ask,Xinhong Shan,CostlyCorianders,14444393
2026-07-10T00:04:18.230491,2026-07-10T00:04:18.239283+00:00,111.1,43,ask,DiligentDonuts,CostlyCorianders,14444394
2026-07-10T00:04:18.734226,2026-07-10T00:04:18.742933+00:00,111.3,11,ask,EarnestEspressos,Xuanyu Liu,14444408
2026-07-10T00:04:18.809665,2026-07-10T00:04:18.821063+00:00,111.3,49,ask,EarnestEspressos,CostlyCorianders,14444412
2026-07-10T00:04:20.027428,2026-07-10T00:04:20.037517+00:00,111.5,50,bid,FlawlessFlatbreads,DiligentDonuts,14444435
2026-07-10T00:04:20.673713,2026-07-10T00:04:20.685220+00:00,111.3,48,ask,EarnestEspressos,CostlyCorianders,14444440
2026-07-10T00:04:21.759015,2026-07-10T00:04:21.770331+00:00,111.3,5,ask,Xinhong Shan,EarnestEspressos,14444459
2026-07-10T00:04:21.759015,2026-07-10T00:04:21.770331+00:00,111.2,5,ask,Kelvin Chan,EarnestEspressos,14444460
2026-07-10T00:04:22.134538,2026-07-10T00:04:22.146694+00:00,111.2,50,bid,FlawlessFlatbreads,EarnestEspressos,14444474
2026-07-10T00:04:23.961980,2026-07-10T00:04:23.974250+00:00,111.2,49,bid,CostlyCorianders,EarnestEspressos,14444503
2026-07-10T00:04:24.294333,2026-07-10T00:04:24.304873+00:00,111.0,50,ask,DiligentDonuts,FlawlessFlatbreads,14444511
2026-07-10T00:04:26.350197,2026-07-10T00:04:26.368928+00:00,111.2,50,bid,FlawlessFlatbreads,DiligentDonuts,14444552
2026-07-10T00:04:28.057986,2026-07-10T00:04:28.066002+00:00,111.2,5,bid,EarnestEspressos,Xinhong Shan,14444586
2026-07-10T00:04:28.532763,2026-07-10T00:04:28.544481+00:00,111.2,50,ask,EarnestEspressos,FlawlessFlatbreads,14444590
2026-07-10T00:04:30.641253,2026-07-10T00:04:30.658658+00:00,111.2,50,ask,EarnestEspressos,FlawlessFlatbreads,14444641
2026-07-10T00:04:31.279219,2026-07-10T00:04:31.287303+00:00,111.2,5,ask,Xinhong Shan,EarnestEspressos,14444652
2026-07-10T00:04:32.782367,2026-07-10T00:04:32.793851+00:00,110.9,50,ask,DiligentDonuts,FlawlessFlatbreads,14444684
2026-07-10T00:04:34.890512,2026-07-10T00:04:34.898204+00:00,110.9,40,ask,Andy Garg,FlawlessFlatbreads,14444722
2026-07-10T00:04:34.890512,2026-07-10T00:04:34.903428+00:00,110.9,5,ask,Xinhong Shan,FlawlessFlatbreads,14444723
2026-07-10T00:04:34.890512,2026-07-10T00:04:34.903428+00:00,110.8,5,ask,DiligentDonuts,FlawlessFlatbreads,14444724
2026-07-10T00:04:37.026804,2026-07-10T00:04:37.038424+00:00,110.8,50,ask,DiligentDonuts,FlawlessFlatbreads,14444767
2026-07-10T00:04:37.583289,2026-07-10T00:04:37.595725+00:00,110.9,40,ask,Andy Garg,CostlyCorianders,14444777
2026-07-10T00:04:37.583289,2026-07-10T00:04:37.595725+00:00,110.9,3,ask,DiligentDonuts,CostlyCorianders,14444778
2026-07-10T00:04:39.135351,2026-07-10T00:04:39.146985+00:00,110.9,50,ask,DiligentDonuts,FlawlessFlatbreads,14444804
2026-07-10T00:04:40.731271,2026-07-10T00:04:40.743624+00:00,111.2,11,bid,Xuanyu Liu,DiligentDonuts,14444817
2026-07-10T00:04:41.244172,2026-07-10T00:04:41.255620+00:00,110.9,50,ask,EarnestEspressos,FlawlessFlatbreads,14444828
2026-07-10T00:04:41.320711,2026-07-10T00:04:41.331949+00:00,111.2,46,bid,CostlyCorianders,DiligentDonuts,14444829
2026-07-10T00:04:42.119131,2026-07-10T00:04:42.128662+00:00,111.2,3,bid,Xuanyu Liu,DiligentDonuts,14444839
2026-07-10T00:04:42.499880,2026-07-10T00:04:42.508666+00:00,111.2,40,bid,CostlyCorianders,DiligentDonuts,14444850
2026-07-10T00:04:42.499880,2026-07-10T00:04:42.508666+00:00,111.2,1,bid,CostlyCorianders,Xinhong Shan,14444851
2026-07-10T00:04:43.352231,2026-07-10T00:04:43.358566+00:00,111.1,5,ask,Xinhong Shan,FlawlessFlatbreads,14444871
2026-07-10T00:04:43.352231,2026-07-10T00:04:43.369031+00:00,110.9,45,ask,EarnestEspressos,FlawlessFlatbreads,14444872
2026-07-10T00:04:43.936850,2026-07-10T00:04:43.944467+00:00,110.9,100,ask,DiligentDonuts,EarnestEspressos,14444876
2026-07-10T00:04:43.936850,2026-07-10T00:04:43.949721+00:00,110.9,5,ask,Xinhong Shan,EarnestEspressos,14444877
2026-07-10T00:04:44.001180,2026-07-10T00:04:44.011061+00:00,110.9,45,bid,Lachy Miller,EarnestEspressos,14444879
2026-07-10T00:04:45.021396,2026-07-10T00:04:45.031597+00:00,110.6,40,ask,Andy Garg,CostlyCorianders,14444899
2026-07-10T00:04:45.021396,2026-07-10T00:04:45.031597+00:00,110.5,5,ask,Xinhong Shan,CostlyCorianders,14444900
2026-07-10T00:04:45.021396,2026-07-10T00:04:45.031597+00:00,110.4,3,ask,EarnestEspressos,CostlyCorianders,14444901
2026-07-10T00:04:45.408822,2026-07-10T00:04:45.420674+00:00,111.2,5,bid,FlawlessFlatbreads,Xinhong Shan,14444910
2026-07-10T00:04:45.408822,2026-07-10T00:04:45.420674+00:00,111.2,40,bid,FlawlessFlatbreads,Andy Garg,14444911
2026-07-10T00:04:45.408822,2026-07-10T00:04:45.420674+00:00,111.4,2,bid,FlawlessFlatbreads,Kelvin Chan,14444912
2026-07-10T00:04:45.408822,2026-07-10T00:04:45.426312+00:00,111.4,3,bid,FlawlessFlatbreads,DiligentDonuts,14444913
2026-07-10T00:04:47.522728,2026-07-10T00:04:47.534052+00:00,111.2,50,bid,FlawlessFlatbreads,DiligentDonuts,14444967
2026-07-10T00:04:47.602398,2026-07-10T00:04:47.614277+00:00,111.0,1,ask,Kelvin Chan,Xuanyu Liu,14444972
2026-07-10T00:04:47.602398,2026-07-10T00:04:47.614277+00:00,111.0,2,ask,Xinhong Shan,Xuanyu Liu,14444973
2026-07-10T00:04:47.671862,2026-07-10T00:04:47.683523+00:00,111.0,3,ask,Xinhong Shan,Andy Garg,14444975
2026-07-10T00:04:47.671862,2026-07-10T00:04:47.683523+00:00,111.0,37,ask,EarnestEspressos,Andy Garg,14444976
2026-07-10T00:04:48.098596,2026-07-10T00:04:48.108306+00:00,111.0,43,ask,EarnestEspressos,CostlyCorianders,14444991
2026-07-10T00:04:48.920340,2026-07-10T00:04:48.929185+00:00,111.2,3,bid,Xuanyu Liu,DiligentDonuts,14445005
2026-07-10T00:04:49.169854,2026-07-10T00:04:49.181665+00:00,111.2,44,bid,CostlyCorianders,DiligentDonuts,14445008
2026-07-10T00:04:50.298985,2026-07-10T00:04:50.309917+00:00,111.1,42,ask,DiligentDonuts,CostlyCorianders,14445029
2026-07-10T00:04:51.632674,2026-07-10T00:04:51.641946+00:00,111.2,5,bid,Lachy Miller,Xinhong Shan,14445065
2026-07-10T00:04:51.741999,2026-07-10T00:04:51.753530+00:00,111.3,3,bid,FlawlessFlatbreads,Kelvin Chan,14445067
2026-07-10T00:04:51.741999,2026-07-10T00:04:51.753530+00:00,111.4,47,bid,FlawlessFlatbreads,EarnestEspressos,14445068
2026-07-10T00:04:51.799634,2026-07-10T00:04:51.811232+00:00,111.4,49,bid,CostlyCorianders,EarnestEspressos,14445070
2026-07-10T00:04:52.408729,2026-07-10T00:04:52.416133+00:00,111.1,42,ask,DiligentDonuts,CostlyCorianders,14445076
2026-07-10T00:04:52.919879,2026-07-10T00:04:52.929093+00:00,111.4,43,bid,CostlyCorianders,EarnestEspressos,14445091
2026-07-10T00:04:53.409140,2026-07-10T00:04:53.420845+00:00,111.4,5,bid,EarnestEspressos,Xinhong Shan,14445108
2026-07-10T00:04:53.409140,2026-07-10T00:04:53.420845+00:00,111.5,100,bid,EarnestEspressos,DiligentDonuts,14445109
2026-07-10T00:04:53.422645,2026-07-10T00:04:53.431076+00:00,111.6,3,ask,EarnestEspressos,Xuanyu Liu,14445110
2026-07-10T00:04:53.445129,2026-07-10T00:04:53.451837+00:00,111.6,25,ask,EarnestEspressos,Lachy Miller,14445113
2026-07-10T00:04:53.557096,2026-07-10T00:04:53.568889+00:00,111.6,17,ask,EarnestEspressos,CostlyCorianders,14445116
2026-07-10T00:04:53.851352,2026-07-10T00:04:53.857778+00:00,112.0,40,bid,FlawlessFlatbreads,Andy Garg,14445119
2026-07-10T00:04:53.851352,2026-07-10T00:04:53.857778+00:00,112.1,10,bid,FlawlessFlatbreads,EarnestEspressos,14445120
2026-07-10T00:04:55.965726,2026-07-10T00:04:55.977140+00:00,111.9,5,bid,FlawlessFlatbreads,Xinhong Shan,14445178
2026-07-10T00:04:55.965726,2026-07-10T00:04:55.977140+00:00,111.9,40,bid,FlawlessFlatbreads,Andy Garg,14445179
2026-07-10T00:04:57.725503,2026-07-10T00:04:57.732333+00:00,111.4,40,ask,Andy Garg,CostlyCorianders,14445207
2026-07-10T00:04:57.725503,2026-07-10T00:04:57.737700+00:00,111.4,9,ask,DiligentDonuts,CostlyCorianders,14445208
2026-07-10T00:04:58.074655,2026-07-10T00:04:58.076449+00:00,111.6,50,bid,FlawlessFlatbreads,EarnestEspressos,14445212
2026-07-10T00:04:59.966501,2026-07-10T00:04:59.975282+00:00,111.5,1,bid,CostlyCorianders,Kelvin Chan,14445251
2026-07-10T00:04:59.966501,2026-07-10T00:04:59.980261+00:00,111.5,5,bid,CostlyCorianders,Xinhong Shan,14445252
2026-07-10T00:04:59.966501,2026-07-10T00:04:59.980261+00:00,111.7,43,bid,CostlyCorianders,DiligentDonuts,14445253
2026-07-10T00:05:00.208815,2026-07-10T00:05:00.220401+00:00,111.7,50,bid,FlawlessFlatbreads,DiligentDonuts,14445257
2026-07-10T00:05:01.275619,2026-07-10T00:05:01.286094+00:00,111.7,7,bid,CostlyCorianders,DiligentDonuts,14445275
2026-07-10T00:05:01.275619,2026-07-10T00:05:01.286094+00:00,111.7,39,bid,CostlyCorianders,EarnestEspressos,14445276
2026-07-10T00:05:02.257134,2026-07-10T00:05:02.269161+00:00,111.4,5,ask,Xinhong Shan,CostlyCorianders,14445298
2026-07-10T00:05:02.257134,2026-07-10T00:05:02.269161+00:00,111.2,2,ask,Kelvin Chan,CostlyCorianders,14445299
2026-07-10T00:05:02.257134,2026-07-10T00:05:02.274440+00:00,111.2,41,ask,DiligentDonuts,CostlyCorianders,14445300
2026-07-10T00:05:02.315947,2026-07-10T00:05:02.324694+00:00,111.7,50,bid,FlawlessFlatbreads,EarnestEspressos,14445303
2026-07-10T00:05:03.866452,2026-07-10T00:05:03.871949+00:00,111.7,40,bid,CostlyCorianders,Andy Garg,14445336
2026-07-10T00:05:03.866452,2026-07-10T00:05:03.871949+00:00,111.7,1,bid,CostlyCorianders,Xinhong Shan,14445337
2026-07-10T00:05:04.427550,2026-07-10T00:05:04.439126+00:00,111.7,4,bid,FlawlessFlatbreads,Xinhong Shan,14445349
2026-07-10T00:05:04.427550,2026-07-10T00:05:04.439126+00:00,111.8,46,bid,FlawlessFlatbreads,DiligentDonuts,14445350
2026-07-10T00:05:04.475023,2026-07-10T00:05:04.481223+00:00,111.4,25,ask,EarnestEspressos,Lachy Miller,14445352
2026-07-10T00:05:04.659590,2026-07-10T00:05:04.670394+00:00,111.4,11,ask,EarnestEspressos,Xuanyu Liu,14445355
2026-07-10T00:05:06.262375,2026-07-10T00:05:06.274064+00:00,111.4,5,ask,Xinhong Shan,CostlyCorianders,14445382
2026-07-10T00:05:06.262375,2026-07-10T00:05:06.274064+00:00,111.3,35,ask,DiligentDonuts,CostlyCorianders,14445383
2026-07-10T00:05:06.536919,2026-07-10T00:05:06.548579+00:00,111.6,5,bid,FlawlessFlatbreads,Kelvin Chan,14445390
2026-07-10T00:05:06.536919,2026-07-10T00:05:06.548579+00:00,111.6,5,bid,FlawlessFlatbreads,Xinhong Shan,14445391
2026-07-10T00:05:06.536919,2026-07-10T00:05:06.548579+00:00,111.8,40,bid,FlawlessFlatbreads,DiligentDonuts,14445392
2026-07-10T00:05:07.865586,2026-07-10T00:05:07.874061+00:00,111.4,40,ask,Andy Garg,CostlyCorianders,14445419
2026-07-10T00:05:07.865586,2026-07-10T00:05:07.874061+00:00,111.4,5,ask,Xinhong Shan,CostlyCorianders,14445420
2026-07-10T00:05:07.865586,2026-07-10T00:05:07.879530+00:00,111.3,1,ask,DiligentDonuts,CostlyCorianders,14445421
2026-07-10T00:05:08.711548,2026-07-10T00:05:08.723741+00:00,111.4,1,ask,Kelvin Chan,FlawlessFlatbreads,14445434
2026-07-10T00:05:08.711548,2026-07-10T00:05:08.723741+00:00,111.4,5,ask,Xinhong Shan,FlawlessFlatbreads,14445435
2026-07-10T00:05:08.711548,2026-07-10T00:05:08.723741+00:00,111.3,44,ask,DiligentDonuts,FlawlessFlatbreads,14445436
2026-07-10T00:05:10.773003,2026-07-10T00:05:10.779686+00:00,111.6,5,bid,FlawlessFlatbreads,Xinhong Shan,14445484
2026-07-10T00:05:10.773003,2026-07-10T00:05:10.784705+00:00,111.7,5,bid,FlawlessFlatbreads,Kelvin Chan,14445485
2026-07-10T00:05:10.773003,2026-07-10T00:05:10.784705+00:00,111.7,40,bid,FlawlessFlatbreads,DiligentDonuts,14445486
2026-07-10T00:05:12.934123,2026-07-10T00:05:12.945669+00:00,111.5,50,ask,DiligentDonuts,FlawlessFlatbreads,14445518
2026-07-10T00:05:15.042901,2026-07-10T00:05:15.054113+00:00,111.5,50,ask,DiligentDonuts,FlawlessFlatbreads,14445560
2026-07-10T00:05:16.473029,2026-07-10T00:05:16.482356+00:00,111.5,5,ask,Xinhong Shan,Xuanyu Liu,14445593
2026-07-10T00:05:16.556245,2026-07-10T00:05:16.567507+00:00,111.7,41,bid,CostlyCorianders,DiligentDonuts,14445598
2026-07-10T00:05:17.148854,2026-07-10T00:05:17.158588+00:00,111.4,5,ask,Kelvin Chan,FlawlessFlatbreads,14445609
2026-07-10T00:05:17.148854,2026-07-10T00:05:17.158588+00:00,111.4,5,ask,Xinhong Shan,FlawlessFlatbreads,14445610
2026-07-10T00:05:17.148854,2026-07-10T00:05:17.158588+00:00,111.3,40,ask,EarnestEspressos,FlawlessFlatbreads,14445611
2026-07-10T00:05:17.663452,2026-07-10T00:05:17.674911+00:00,111.3,41,ask,EarnestEspressos,CostlyCorianders,14445619
2026-07-10T00:05:18.803825,2026-07-10T00:05:18.811342+00:00,111.3,5,ask,Xinhong Shan,EarnestEspressos,14445643
2026-07-10T00:05:19.260382,2026-07-10T00:05:19.271752+00:00,111.0,50,ask,DiligentDonuts,FlawlessFlatbreads,14445660
2026-07-10T00:05:21.370294,2026-07-10T00:05:21.377377+00:00,111.0,50,ask,DiligentDonuts,FlawlessFlatbreads,14445696
2026-07-10T00:05:21.854792,2026-07-10T00:05:21.886975+00:00,111.0,5,ask,Xinhong Shan,DiligentDonuts,14445702
2026-07-10T00:05:21.873522,2026-07-10T00:05:21.886975+00:00,111.0,2,bid,Xuanyu Liu,DiligentDonuts,14445704
2026-07-10T00:05:21.889192,2026-07-10T00:05:21.901013+00:00,111.0,2,bid,Xuanyu Liu,DiligentDonuts,14445706
2026-07-10T00:05:22.997360,2026-07-10T00:05:23.006610+00:00,111.0,1,bid,Xuanyu Liu,DiligentDonuts,14445739
2026-07-10T00:05:23.040358,2026-07-10T00:05:23.049865+00:00,111.0,11,bid,Xuanyu Liu,DiligentDonuts,14445742
2026-07-10T00:05:23.280608,2026-07-10T00:05:23.292296+00:00,111.0,44,bid,CostlyCorianders,DiligentDonuts,14445745
2026-07-10T00:05:23.477006,2026-07-10T00:05:23.485000+00:00,110.7,40,ask,Andy Garg,FlawlessFlatbreads,14445748
2026-07-10T00:05:23.477006,2026-07-10T00:05:23.490179+00:00,110.6,10,ask,EarnestEspressos,FlawlessFlatbreads,14445749
2026-07-10T00:05:23.808842,2026-07-10T00:05:23.817821+00:00,111.0,3,bid,Xuanyu Liu,DiligentDonuts,14445752
2026-07-10T00:05:24.010986,2026-07-10T00:05:24.019835+00:00,111.0,2,bid,Kelvin Chan,DiligentDonuts,14445758
2026-07-10T00:05:24.521974,2026-07-10T00:05:24.528265+00:00,111.0,30,bid,Lachy Miller,DiligentDonuts,14445765
2026-07-10T00:05:24.521974,2026-07-10T00:05:24.533491+00:00,111.0,5,bid,Lachy Miller,Xinhong Shan,14445766
2026-07-10T00:05:24.963575,2026-07-10T00:05:24.973591+00:00,111.1,100,bid,DiligentDonuts,EarnestEspressos,14445770
2026-07-10T00:05:25.403740,2026-07-10T00:05:25.412901+00:00,111.2,3,ask,EarnestEspressos,Xuanyu Liu,14445776
2026-07-10T00:05:25.534737,2026-07-10T00:05:25.541091+00:00,111.2,10,ask,EarnestEspressos,Lachy Miller,14445779
2026-07-10T00:05:25.588488,2026-07-10T00:05:25.599789+00:00,111.2,50,ask,EarnestEspressos,FlawlessFlatbreads,14445781
2026-07-10T00:05:25.669761,2026-07-10T00:05:25.680869+00:00,111.2,11,ask,EarnestEspressos,Xuanyu Liu,14445785
2026-07-10T00:05:25.757744,2026-07-10T00:05:25.769586+00:00,111.3,40,bid,CostlyCorianders,Andy Garg,14445787
2026-07-10T00:05:25.757744,2026-07-10T00:05:25.769586+00:00,111.4,2,bid,CostlyCorianders,Kelvin Chan,14445788
2026-07-10T00:05:27.697186,2026-07-10T00:05:27.708638+00:00,111.2,50,ask,EarnestEspressos,FlawlessFlatbreads,14445809
2026-07-10T00:05:28.110705,2026-07-10T00:05:28.119606+00:00,111.2,12,ask,EarnestEspressos,Xuanyu Liu,14445824
2026-07-10T00:05:28.192890,2026-07-10T00:05:28.204313+00:00,111.2,14,ask,EarnestEspressos,DiligentDonuts,14445826
2026-07-10T00:05:28.192890,2026-07-10T00:05:28.204313+00:00,111.2,5,ask,Xinhong Shan,DiligentDonuts,14445827
2026-07-10T00:05:28.318333,2026-07-10T00:05:28.326604+00:00,110.8,3,bid,Xuanyu Liu,EarnestEspressos,14445828
2026-07-10T00:05:28.327726,2026-07-10T00:05:28.336040+00:00,110.8,20,bid,Xuanyu Liu,EarnestEspressos,14445830
2026-07-10T00:05:28.382714,2026-07-10T00:05:28.390785+00:00,110.8,2,bid,Xuanyu Liu,EarnestEspressos,14445832
2026-07-10T00:05:28.486618,2026-07-10T00:05:28.497661+00:00,110.7,48,ask,DiligentDonuts,CostlyCorianders,14445834
2026-07-10T00:05:28.913470,2026-07-10T00:05:28.922086+00:00,110.8,1,bid,Xuanyu Liu,EarnestEspressos,14445840
2026-07-10T00:05:29.424760,2026-07-10T00:05:29.443612+00:00,110.8,1,bid,Kelvin Chan,EarnestEspressos,14445854
2026-07-10T00:05:29.544894,2026-07-10T00:05:29.558605+00:00,110.8,1,bid,Kelvin Chan,EarnestEspressos,14445860
2026-07-10T00:05:29.807428,2026-07-10T00:05:29.817618+00:00,110.7,50,ask,DiligentDonuts,FlawlessFlatbreads,14445862
2026-07-10T00:05:31.041041,2026-07-10T00:05:31.051805+00:00,110.8,46,bid,CostlyCorianders,EarnestEspressos,14445882
2026-07-10T00:05:31.916137,2026-07-10T00:05:31.925322+00:00,110.7,5,ask,Xinhong Shan,FlawlessFlatbreads,14445900
2026-07-10T00:05:31.916137,2026-07-10T00:05:31.925322+00:00,110.6,45,ask,EarnestEspressos,FlawlessFlatbreads,14445901
2026-07-10T00:05:32.526983,2026-07-10T00:05:32.538308+00:00,110.8,44,bid,CostlyCorianders,DiligentDonuts,14445912
2026-07-10T00:05:33.726646,2026-07-10T00:05:33.737914+00:00,110.6,41,ask,EarnestEspressos,CostlyCorianders,14445937
2026-07-10T00:05:34.071581,2026-07-10T00:05:34.089992+00:00,110.6,50,ask,EarnestEspressos,FlawlessFlatbreads,14445943
2026-07-10T00:05:34.627893,2026-07-10T00:05:34.639642+00:00,110.6,5,ask,Xinhong Shan,EarnestEspressos,14445951
2026-07-10T00:05:34.627893,2026-07-10T00:05:34.639642+00:00,110.5,40,ask,Andy Garg,EarnestEspressos,14445952
2026-07-10T00:05:34.706358,2026-07-10T00:05:34.713365+00:00,110.4,40,bid,Andy Garg,EarnestEspressos,14445955
2026-07-10T00:05:34.761135,2026-07-10T00:05:34.768678+00:00,110.4,25,bid,Lachy Miller,EarnestEspressos,14445959
2026-07-10T00:05:34.765283,2026-07-10T00:05:34.774186+00:00,110.3,49,ask,DiligentDonuts,CostlyCorianders,14445960
2026-07-10T00:05:34.833100,2026-07-10T00:05:34.841890+00:00,110.4,14,bid,Xuanyu Liu,EarnestEspressos,14445963
2026-07-10T00:05:34.890023,2026-07-10T00:05:34.901578+00:00,110.4,26,bid,Andy Garg,EarnestEspressos,14445966
2026-07-10T00:05:37.749533,2026-07-10T00:05:37.760233+00:00,110.6,14,ask,EarnestEspressos,Xuanyu Liu,14446014
2026-07-10T00:05:38.282627,2026-07-10T00:05:38.294433+00:00,110.6,50,ask,EarnestEspressos,FlawlessFlatbreads,14446020
2026-07-10T00:05:40.393106,2026-07-10T00:05:40.402926+00:00,110.6,50,ask,EarnestEspressos,FlawlessFlatbreads,14446058
2026-07-10T00:05:41.308922,2026-07-10T00:05:41.320706+00:00,110.7,5,bid,CostlyCorianders,Xinhong Shan,14446082
2026-07-10T00:05:41.308922,2026-07-10T00:05:41.320706+00:00,110.8,1,bid,CostlyCorianders,Kelvin Chan,14446083
2026-07-10T00:05:41.308922,2026-07-10T00:05:41.320706+00:00,110.8,40,bid,CostlyCorianders,EarnestEspressos,14446084
2026-07-10T00:05:42.500224,2026-07-10T00:05:42.512069+00:00,110.6,5,ask,Xinhong Shan,FlawlessFlatbreads,14446100
2026-07-10T00:05:42.500224,2026-07-10T00:05:42.512069+00:00,110.5,4,ask,Kelvin Chan,FlawlessFlatbreads,14446101
2026-07-10T00:05:42.500224,2026-07-10T00:05:42.512069+00:00,110.4,41,ask,DiligentDonuts,CostlyCorianders,14446102
2026-07-10T00:05:42.865046,2026-07-10T00:05:42.876360+00:00,110.4,41,ask,DiligentDonuts,FlawlessFlatbreads,14446109
2026-07-10T00:05:44.050839,2026-07-10T00:05:44.060785+00:00,110.4,5,ask,Xinhong Shan,DiligentDonuts,14446134
2026-07-10T00:05:44.062029,2026-07-10T00:05:44.070731+00:00,110.4,14,bid,Xuanyu Liu,DiligentDonuts,14446135
2026-07-10T00:05:44.212260,2026-07-10T00:05:44.220203+00:00,110.4,25,bid,Lachy Miller,DiligentDonuts,14446140
2026-07-10T00:05:44.472226,2026-07-10T00:05:44.480162+00:00,110.4,48,bid,CostlyCorianders,DiligentDonuts,14446150
2026-07-10T00:05:44.560779,2026-07-10T00:05:44.572481+00:00,110.4,8,bid,FlawlessFlatbreads,DiligentDonuts,14446151
2026-07-10T00:05:44.560779,2026-07-10T00:05:44.572481+00:00,110.7,42,bid,FlawlessFlatbreads,EarnestEspressos,14446152
2026-07-10T00:05:44.627067,2026-07-10T00:05:44.638701+00:00,110.2,4,ask,EarnestEspressos,Lachy Miller,14446153
2026-07-10T00:05:44.833270,2026-07-10T00:05:44.844684+00:00,110.2,3,ask,EarnestEspressos,Lachy Miller,14446157
2026-07-10T00:05:45.040715,2026-07-10T00:05:45.050080+00:00,110.2,2,ask,EarnestEspressos,Lachy Miller,14446160
2026-07-10T00:05:45.410789,2026-07-10T00:05:45.425610+00:00,110.3,11,ask,Andy Garg,Xuanyu Liu,14446171
2026-07-10T00:05:46.615386,2026-07-10T00:05:46.625358+00:00,110.7,46,bid,CostlyCorianders,EarnestEspressos,14446199
2026-07-10T00:05:46.670580,2026-07-10T00:05:46.687687+00:00,110.2,42,ask,EarnestEspressos,CostlyCorianders,14446200
2026-07-10T00:05:46.680362,2026-07-10T00:05:46.687687+00:00,110.7,50,bid,FlawlessFlatbreads,EarnestEspressos,14446201
2026-07-10T00:05:47.237215,2026-07-10T00:05:47.245867+00:00,110.4,3,ask,EarnestEspressos,Xuanyu Liu,14446210
2026-07-10T00:05:47.637339,2026-07-10T00:05:47.658589+00:00,110.4,46,ask,EarnestEspressos,CostlyCorianders,14446219
2026-07-10T00:05:48.786693,2026-07-10T00:05:48.798053+00:00,110.6,50,bid,FlawlessFlatbreads,DiligentDonuts,14446242
2026-07-10T00:05:50.127103,2026-07-10T00:05:50.143551+00:00,110.6,47,bid,CostlyCorianders,DiligentDonuts,14446258
2026-07-10T00:05:50.338215,2026-07-10T00:05:50.352571+00:00,110.6,5,bid,DiligentDonuts,Xinhong Shan,14446263
2026-07-10T00:05:50.893796,2026-07-10T00:05:50.905219+00:00,110.9,50,bid,FlawlessFlatbreads,EarnestEspressos,14446270
2026-07-10T00:05:51.165127,2026-07-10T00:05:51.176977+00:00,110.6,44,ask,DiligentDonuts,CostlyCorianders,14446272
2026-07-10T00:05:51.959616,2026-07-10T00:05:51.968594+00:00,110.6,3,ask,DiligentDonuts,Xuanyu Liu,14446289
2026-07-10T00:05:51.967844,2026-07-10T00:05:51.983823+00:00,110.6,40,ask,DiligentDonuts,Andy Garg,14446291
2026-07-10T00:05:52.081667,2026-07-10T00:05:52.089015+00:00,110.6,8,ask,DiligentDonuts,Lachy Miller,14446296
2026-07-10T00:05:52.081667,2026-07-10T00:05:52.094290+00:00,110.6,5,ask,Xinhong Shan,Lachy Miller,14446297
2026-07-10T00:05:52.167069,2026-07-10T00:05:52.178141+00:00,110.4,3,ask,Kelvin Chan,CostlyCorianders,14446298
2026-07-10T00:05:52.167069,2026-07-10T00:05:52.178141+00:00,110.4,46,ask,EarnestEspressos,CostlyCorianders,14446299
2026-07-10T00:05:53.005440,2026-07-10T00:05:53.017141+00:00,110.8,40,bid,FlawlessFlatbreads,Andy Garg,14446318
2026-07-10T00:05:53.005440,2026-07-10T00:05:53.017141+00:00,110.8,5,bid,FlawlessFlatbreads,Xinhong Shan,14446319
2026-07-10T00:05:53.005440,2026-07-10T00:05:53.017141+00:00,110.9,5,bid,FlawlessFlatbreads,EarnestEspressos,14446320
2026-07-10T00:05:53.272470,2026-07-10T00:05:53.284501+00:00,110.8,40,bid,CostlyCorianders,Andy Garg,14446322
2026-07-10T00:05:53.272470,2026-07-10T00:05:53.289732+00:00,110.9,1,bid,CostlyCorianders,EarnestEspressos,14446323
2026-07-10T00:05:55.115548,2026-07-10T00:05:55.126863+00:00,110.7,50,bid,FlawlessFlatbreads,DiligentDonuts,14446363
2026-07-10T00:05:56.932730,2026-07-10T00:05:56.944018+00:00,110.5,5,ask,Xinhong Shan,CostlyCorianders,14446387
2026-07-10T00:05:59.385264,2026-07-10T00:05:59.388684+00:00,110.4,40,ask,Andy Garg,FlawlessFlatbreads,14446427
2026-07-10T00:05:59.385264,2026-07-10T00:05:59.388684+00:00,110.4,5,ask,Xinhong Shan,FlawlessFlatbreads,14446428
2026-07-10T00:05:59.385264,2026-07-10T00:05:59.400197+00:00,110.3,5,ask,EarnestEspressos,FlawlessFlatbreads,14446429
2026-07-10T00:06:01.215384,2026-07-10T00:06:01.226782+00:00,110.7,42,bid,CostlyCorianders,DiligentDonuts,14446460
2026-07-10T00:06:01.499968,2026-07-10T00:06:01.509497+00:00,110.3,40,ask,Andy Garg,FlawlessFlatbreads,14446468
2026-07-10T00:06:01.499968,2026-07-10T00:06:01.509497+00:00,110.3,10,ask,EarnestEspressos,FlawlessFlatbreads,14446469
2026-07-10T00:06:02.273103,2026-07-10T00:06:02.281538+00:00,110.7,49,bid,CostlyCorianders,DiligentDonuts,14446484
2026-07-10T00:06:04.525043,2026-07-10T00:06:04.533477+00:00,110.6,3,ask,DiligentDonuts,Lachy Miller,14446521
2026-07-10T00:06:04.535276,2026-07-10T00:06:04.546679+00:00,110.6,49,ask,DiligentDonuts,CostlyCorianders,14446522
2026-07-10T00:06:05.115541,2026-07-10T00:06:05.125300+00:00,110.7,3,bid,Xuanyu Liu,Xinhong Shan,14446532
2026-07-10T00:06:05.668405,2026-07-10T00:06:05.679978+00:00,110.7,5,bid,FlawlessFlatbreads,Xinhong Shan,14446538
2026-07-10T00:06:05.668405,2026-07-10T00:06:05.679978+00:00,110.8,2,bid,FlawlessFlatbreads,Kelvin Chan,14446539
2026-07-10T00:06:05.668405,2026-07-10T00:06:05.679978+00:00,110.8,43,bid,FlawlessFlatbreads,EarnestEspressos,14446540
2026-07-10T00:06:06.017357,2026-07-10T00:06:06.028731+00:00,110.6,42,ask,DiligentDonuts,CostlyCorianders,14446542
2026-07-10T00:06:07.851027,2026-07-10T00:06:07.858618+00:00,110.8,2,bid,CostlyCorianders,Kelvin Chan,14446586
2026-07-10T00:06:07.851027,2026-07-10T00:06:07.858618+00:00,110.9,40,bid,CostlyCorianders,Andy Garg,14446587
2026-07-10T00:06:07.851027,2026-07-10T00:06:07.858618+00:00,110.9,1,bid,CostlyCorianders,Xinhong Shan,14446588
2026-07-10T00:06:09.503182,2026-07-10T00:06:09.513945+00:00,110.8,2,bid,CostlyCorianders,Kelvin Chan,14446618
2026-07-10T00:06:09.503182,2026-07-10T00:06:09.513945+00:00,110.8,5,bid,CostlyCorianders,Xinhong Shan,14446619
2026-07-10T00:06:09.503182,2026-07-10T00:06:09.513945+00:00,110.9,36,bid,CostlyCorianders,DiligentDonuts,14446620
2026-07-10T00:06:12.051482,2026-07-10T00:06:12.058597+00:00,110.6,5,ask,Xinhong Shan,FlawlessFlatbreads,14446660
2026-07-10T00:06:12.051482,2026-07-10T00:06:12.058597+00:00,110.5,1,ask,Kelvin Chan,FlawlessFlatbreads,14446661
2026-07-10T00:06:12.051482,2026-07-10T00:06:12.058597+00:00,110.5,44,ask,EarnestEspressos,FlawlessFlatbreads,14446662
2026-07-10T00:06:13.256283,2026-07-10T00:06:13.247583+00:00,110.6,2,ask,Kelvin Chan,CostlyCorianders,14446680
2026-07-10T00:06:13.256283,2026-07-10T00:06:13.268927+00:00,110.5,40,ask,Andy Garg,CostlyCorianders,14446681
2026-07-10T00:06:13.256283,2026-07-10T00:06:13.268927+00:00,110.5,5,ask,Xinhong Shan,CostlyCorianders,14446682
2026-07-10T00:06:13.256283,2026-07-10T00:06:13.268927+00:00,110.5,1,ask,DiligentDonuts,CostlyCorianders,14446683
2026-07-10T00:06:13.873561,2026-07-10T00:06:13.880463+00:00,110.8,2,bid,CostlyCorianders,Kelvin Chan,14446697
2026-07-10T00:06:13.873561,2026-07-10T00:06:13.885444+00:00,110.8,5,bid,CostlyCorianders,Xinhong Shan,14446698
2026-07-10T00:06:13.873561,2026-07-10T00:06:13.885444+00:00,110.9,42,bid,CostlyCorianders,EarnestEspressos,14446699
2026-07-10T00:06:14.160414,2026-07-10T00:06:14.171981+00:00,110.6,3,ask,Kelvin Chan,FlawlessFlatbreads,14446705
2026-07-10T00:06:14.160414,2026-07-10T00:06:14.171981+00:00,110.6,5,ask,Xinhong Shan,FlawlessFlatbreads,14446706
2026-07-10T00:06:14.160414,2026-07-10T00:06:14.171981+00:00,110.5,42,ask,DiligentDonuts,FlawlessFlatbreads,14446707
2026-07-10T00:06:16.282611,2026-07-10T00:06:16.290595+00:00,110.6,4,ask,Kelvin Chan,FlawlessFlatbreads,14446744
2026-07-10T00:06:16.282611,2026-07-10T00:06:16.295584+00:00,110.6,5,ask,Xinhong Shan,FlawlessFlatbreads,14446745
2026-07-10T00:06:16.282611,2026-07-10T00:06:16.295584+00:00,110.6,41,ask,EarnestEspressos,FlawlessFlatbreads,14446746
2026-07-10T00:06:16.707894,2026-07-10T00:06:16.719551+00:00,110.6,46,ask,EarnestEspressos,CostlyCorianders,14446750
2026-07-10T00:06:17.225745,2026-07-10T00:06:17.233243+00:00,110.6,41,ask,EarnestEspressos,CostlyCorianders,14446760
2026-07-10T00:06:18.341013,2026-07-10T00:06:18.348172+00:00,110.9,1,bid,FlawlessFlatbreads,Kelvin Chan,14446778
2026-07-10T00:06:18.341013,2026-07-10T00:06:18.358573+00:00,110.9,49,bid,FlawlessFlatbreads,DiligentDonuts,14446779
2026-07-10T00:06:18.937061,2026-07-10T00:06:18.944149+00:00,110.6,1,ask,Kelvin Chan,EarnestEspressos,14446794
2026-07-10T00:06:18.937061,2026-07-10T00:06:18.949165+00:00,110.6,5,ask,Xinhong Shan,EarnestEspressos,14446795
2026-07-10T00:06:18.937061,2026-07-10T00:06:18.949165+00:00,110.5,100,ask,DiligentDonuts,EarnestEspressos,14446796
2026-07-10T00:06:20.960273,2026-07-10T00:06:20.970636+00:00,110.5,2,bid,Kelvin Chan,EarnestEspressos,14446832
2026-07-10T00:06:21.019737,2026-07-10T00:06:21.029230+00:00,110.5,1,bid,Kelvin Chan,EarnestEspressos,14446834
2026-07-10T00:06:21.132388,2026-07-10T00:06:21.140959+00:00,110.5,2,bid,Kelvin Chan,EarnestEspressos,14446836
2026-07-10T00:06:21.966296,2026-07-10T00:06:21.976020+00:00,110.5,1,bid,Kelvin Chan,EarnestEspressos,14446854
2026-07-10T00:06:21.999763,2026-07-10T00:06:22.006686+00:00,110.5,2,bid,Kelvin Chan,Xinhong Shan,14446855
2026-07-10T00:06:22.069469,2026-07-10T00:06:22.078262+00:00,110.4,1,ask,Kelvin Chan,DiligentDonuts,14446860
2026-07-10T00:06:22.603286,2026-07-10T00:06:22.612766+00:00,110.2,5,ask,Xinhong Shan,FlawlessFlatbreads,14446869
2026-07-10T00:06:22.603286,2026-07-10T00:06:22.612766+00:00,110.2,45,ask,EarnestEspressos,FlawlessFlatbreads,14446870
2026-07-10T00:06:22.802086,2026-07-10T00:06:22.811353+00:00,110.4,46,bid,CostlyCorianders,DiligentDonuts,14446871
2026-07-10T00:06:22.807701,2026-07-10T00:06:22.816350+00:00,110.4,1,bid,Kelvin Chan,DiligentDonuts,14446872
2026-07-10T00:06:22.967189,2026-07-10T00:06:22.976317+00:00,110.4,1,bid,Kelvin Chan,DiligentDonuts,14446874
2026-07-10T00:06:22.989821,2026-07-10T00:06:23.001296+00:00,110.4,2,bid,Kelvin Chan,DiligentDonuts,14446875
2026-07-10T00:06:23.016510,2026-07-10T00:06:23.027321+00:00,110.4,1,bid,Kelvin Chan,DiligentDonuts,14446877
2026-07-10T00:06:23.033262,2026-07-10T00:06:23.044573+00:00,110.4,1,bid,Kelvin Chan,DiligentDonuts,14446878
2026-07-10T00:06:23.059692,2026-07-10T00:06:23.069373+00:00,110.4,1,bid,Kelvin Chan,DiligentDonuts,14446879
2026-07-10T00:06:23.159879,2026-07-10T00:06:23.167445+00:00,110.4,1,bid,Kelvin Chan,DiligentDonuts,14446881
2026-07-10T00:06:23.318570,2026-07-10T00:06:23.324885+00:00,110.4,2,bid,Kelvin Chan,DiligentDonuts,14446887
2026-07-10T00:06:23.409231,2026-07-10T00:06:23.419200+00:00,110.4,1,bid,Kelvin Chan,DiligentDonuts,14446893
2026-07-10T00:06:24.036977,2026-07-10T00:06:24.043624+00:00,110.4,1,bid,Kelvin Chan,DiligentDonuts,14446901
2026-07-10T00:06:24.059998,2026-07-10T00:06:24.071283+00:00,110.4,1,bid,Kelvin Chan,DiligentDonuts,14446902
2026-07-10T00:06:24.089297,2026-07-10T00:06:24.096213+00:00,110.4,1,bid,Kelvin Chan,DiligentDonuts,14446903
2026-07-10T00:06:24.112035,2026-07-10T00:06:24.123422+00:00,110.4,1,bid,Kelvin Chan,DiligentDonuts,14446904
2026-07-10T00:06:24.152770,2026-07-10T00:06:24.158643+00:00,110.4,1,bid,Kelvin Chan,DiligentDonuts,14446907
2026-07-10T00:06:25.313592,2026-07-10T00:06:25.325391+00:00,110.4,5,bid,CostlyCorianders,Xinhong Shan,14446939
2026-07-10T00:06:25.313592,2026-07-10T00:06:25.325391+00:00,110.5,38,bid,CostlyCorianders,EarnestEspressos,14446940
2026-07-10T00:06:25.371637,2026-07-10T00:06:25.381086+00:00,110.2,5,ask,Xinhong Shan,CostlyCorianders,14446943
2026-07-10T00:06:25.371637,2026-07-10T00:06:25.381086+00:00,110.1,40,ask,Andy Garg,CostlyCorianders,14446944
2026-07-10T00:06:26.767601,2026-07-10T00:06:26.777654+00:00,110.5,50,bid,FlawlessFlatbreads,EarnestEspressos,14446974
2026-07-10T00:06:29.541151,2026-07-10T00:06:29.558579+00:00,110.5,42,bid,CostlyCorianders,DiligentDonuts,14447026
2026-07-10T00:06:30.976506,2026-07-10T00:06:30.984992+00:00,110.5,50,bid,FlawlessFlatbreads,DiligentDonuts,14447062
2026-07-10T00:06:31.060256,2026-07-10T00:06:31.071993+00:00,110.2,45,ask,EarnestEspressos,CostlyCorianders,14447064
2026-07-10T00:06:33.083156,2026-07-10T00:06:33.096521+00:00,110.5,5,bid,FlawlessFlatbreads,Xinhong Shan,14447110
2026-07-10T00:06:33.083156,2026-07-10T00:06:33.096521+00:00,110.6,45,bid,FlawlessFlatbreads,EarnestEspressos,14447111
2026-07-10T00:06:33.595795,2026-07-10T00:06:33.607378+00:00,110.6,44,bid,CostlyCorianders,EarnestEspressos,14447127
2026-07-10T00:06:34.717875,2026-07-10T00:06:34.738467+00:00,110.5,40,bid,EarnestEspressos,Andy Garg,14447154
2026-07-10T00:06:34.717875,2026-07-10T00:06:34.738467+00:00,110.5,5,bid,EarnestEspressos,Xinhong Shan,14447155
2026-07-10T00:06:34.730230,2026-07-10T00:06:34.738467+00:00,110.5,3,ask,EarnestEspressos,Xuanyu Liu,14447156
2026-07-10T00:06:35.193790,2026-07-10T00:06:35.205373+00:00,110.6,40,bid,FlawlessFlatbreads,Andy Garg,14447162
2026-07-10T00:06:35.193790,2026-07-10T00:06:35.205373+00:00,110.6,5,bid,FlawlessFlatbreads,Xinhong Shan,14447163
2026-07-10T00:06:35.193790,2026-07-10T00:06:35.205373+00:00,110.7,2,bid,FlawlessFlatbreads,Kelvin Chan,14447164
2026-07-10T00:06:35.193790,2026-07-10T00:06:35.205373+00:00,110.8,3,bid,FlawlessFlatbreads,DiligentDonuts,14447165
2026-07-10T00:06:35.792951,2026-07-10T00:06:35.802987+00:00,110.5,25,ask,EarnestEspressos,Lachy Miller,14447180
2026-07-10T00:06:37.360586,2026-07-10T00:06:37.371952+00:00,110.5,50,ask,EarnestEspressos,FlawlessFlatbreads,14447207
2026-07-10T00:06:39.417151,2026-07-10T00:06:39.428496+00:00,110.6,50,bid,FlawlessFlatbreads,EarnestEspressos,14447241
2026-07-10T00:06:40.001446,2026-07-10T00:06:40.013291+00:00,110.5,5,ask,Xinhong Shan,CostlyCorianders,14447256
2026-07-10T00:06:40.001446,2026-07-10T00:06:40.013291+00:00,110.4,41,ask,DiligentDonuts,CostlyCorianders,14447257
2026-07-10T00:06:41.471191,2026-07-10T00:06:41.483012+00:00,110.4,5,ask,Xinhong Shan,CostlyCorianders,14447288
2026-07-10T00:06:41.471191,2026-07-10T00:06:41.483012+00:00,110.3,4,ask,Kelvin Chan,CostlyCorianders,14447289
2026-07-10T00:06:41.471191,2026-07-10T00:06:41.483012+00:00,110.2,39,ask,DiligentDonuts,CostlyCorianders,14447290
2026-07-10T00:06:41.524678,2026-07-10T00:06:41.536416+00:00,110.6,5,bid,FlawlessFlatbreads,Xinhong Shan,14447291
2026-07-10T00:06:41.524678,2026-07-10T00:06:41.536416+00:00,110.7,40,bid,FlawlessFlatbreads,Andy Garg,14447292
2026-07-10T00:06:41.524678,2026-07-10T00:06:41.536416+00:00,110.7,5,bid,FlawlessFlatbreads,DiligentDonuts,14447293
2026-07-10T00:06:43.634663,2026-07-10T00:06:43.645625+00:00,110.6,1,bid,FlawlessFlatbreads,Kelvin Chan,14447328
2026-07-10T00:06:43.634663,2026-07-10T00:06:43.645625+00:00,110.6,5,bid,FlawlessFlatbreads,Xinhong Shan,14447329
2026-07-10T00:06:43.634663,2026-07-10T00:06:43.645625+00:00,110.7,44,bid,FlawlessFlatbreads,DiligentDonuts,14447330
2026-07-10T00:06:44.120920,2026-07-10T00:06:44.132978+00:00,110.7,47,bid,CostlyCorianders,DiligentDonuts,14447341
2026-07-10T00:06:44.622988,2026-07-10T00:06:44.630005+00:00,110.7,45,bid,CostlyCorianders,EarnestEspressos,14447350
2026-07-10T00:06:47.903203,2026-07-10T00:06:47.913867+00:00,110.5,50,ask,DiligentDonuts,FlawlessFlatbreads,14447409
2026-07-10T00:06:49.227031,2026-07-10T00:06:49.238433+00:00,110.5,41,ask,DiligentDonuts,CostlyCorianders,14447434
2026-07-10T00:06:50.009296,2026-07-10T00:06:50.021184+00:00,110.5,9,ask,DiligentDonuts,FlawlessFlatbreads,14447457
2026-07-10T00:06:50.009296,2026-07-10T00:06:50.021184+00:00,110.5,41,ask,EarnestEspressos,FlawlessFlatbreads,14447458
2026-07-10T00:06:50.436235,2026-07-10T00:06:50.447536+00:00,110.6,5,bid,CostlyCorianders,Xinhong Shan,14447465
2026-07-10T00:06:50.491956,2026-07-10T00:06:50.502733+00:00,110.5,47,ask,EarnestEspressos,CostlyCorianders,14447467
2026-07-10T00:06:51.504134,2026-07-10T00:06:51.515853+00:00,110.7,41,bid,CostlyCorianders,DiligentDonuts,14447491
2026-07-10T00:06:52.120921,2026-07-10T00:06:52.129649+00:00,110.5,5,ask,Xinhong Shan,FlawlessFlatbreads,14447499
2026-07-10T00:06:52.120921,2026-07-10T00:06:52.129649+00:00,110.3,4,ask,Kelvin Chan,FlawlessFlatbreads,14447500
2026-07-10T00:06:52.120921,2026-07-10T00:06:52.134988+00:00,110.3,41,ask,EarnestEspressos,FlawlessFlatbreads,14447501
2026-07-10T00:06:53.767563,2026-07-10T00:06:53.774667+00:00,110.4,6,ask,Kelvin Chan,EarnestEspressos,14447524
2026-07-10T00:06:53.767563,2026-07-10T00:06:53.779648+00:00,110.4,5,ask,Xinhong Shan,EarnestEspressos,14447525
2026-07-10T00:06:53.767563,2026-07-10T00:06:53.779648+00:00,110.4,100,ask,DiligentDonuts,EarnestEspressos,14447526
2026-07-10T00:06:53.782249,2026-07-10T00:06:53.790249+00:00,110.4,6,bid,Kelvin Chan,EarnestEspressos,14447528
2026-07-10T00:06:53.843814,2026-07-10T00:06:53.852060+00:00,110.4,6,bid,Kelvin Chan,EarnestEspressos,14447529
2026-07-10T00:06:53.958241,2026-07-10T00:06:53.969541+00:00,110.4,27,bid,CostlyCorianders,EarnestEspressos,14447532
2026-07-10T00:06:53.958241,2026-07-10T00:06:53.969541+00:00,110.7,5,bid,CostlyCorianders,Xinhong Shan,14447533
2026-07-10T00:06:56.283774,2026-07-10T00:06:56.295572+00:00,110.9,50,bid,FlawlessFlatbreads,DiligentDonuts,14447569
2026-07-10T00:06:56.681170,2026-07-10T00:06:56.692639+00:00,110.3,5,ask,Xinhong Shan,CostlyCorianders,14447589
2026-07-10T00:06:56.681170,2026-07-10T00:06:56.692639+00:00,110.3,5,ask,Kelvin Chan,CostlyCorianders,14447590
2026-07-10T00:06:56.681170,2026-07-10T00:06:56.692639+00:00,110.2,30,ask,Andy Garg,CostlyCorianders,14447591
2026-07-10T00:06:57.224277,2026-07-10T00:06:57.235859+00:00,110.4,45,ask,EarnestEspressos,CostlyCorianders,14447597
2026-07-10T00:06:58.445039,2026-07-10T00:06:58.456271+00:00,110.4,50,ask,EarnestEspressos,FlawlessFlatbreads,14447619
2026-07-10T00:06:58.868819,2026-07-10T00:06:58.879581+00:00,110.5,41,bid,CostlyCorianders,DiligentDonuts,14447630
2026-07-10T00:06:58.922455,2026-07-10T00:06:58.933690+00:00,110.4,48,ask,EarnestEspressos,CostlyCorianders,14447636
2026-07-10T00:07:00.145644,2026-07-10T00:07:00.153097+00:00,110.4,5,ask,Xinhong Shan,EarnestEspressos,14447658
2026-07-10T00:07:00.512771,2026-07-10T00:07:00.524235+00:00,110.3,41,bid,CostlyCorianders,EarnestEspressos,14447666
2026-07-10T00:07:00.552676,2026-07-10T00:07:00.563880+00:00,110.1,50,ask,DiligentDonuts,FlawlessFlatbreads,14447667
2026-07-10T00:07:01.703485,2026-07-10T00:07:01.715077+00:00,110.1,47,ask,DiligentDonuts,CostlyCorianders,14447686
2026-07-10T00:07:02.335523,2026-07-10T00:07:02.345300+00:00,110.3,49,bid,CostlyCorianders,EarnestEspressos,14447702
2026-07-10T00:07:02.495535,2026-07-10T00:07:02.504225+00:00,110.3,3,bid,Xuanyu Liu,EarnestEspressos,14447705
2026-07-10T00:07:02.919883,2026-07-10T00:07:02.929995+00:00,110.1,3,ask,DiligentDonuts,CostlyCorianders,14447715
2026-07-10T00:07:02.919883,2026-07-10T00:07:02.929995+00:00,110.1,37,ask,Andy Garg,CostlyCorianders,14447716
2026-07-10T00:07:04.773418,2026-07-10T00:07:04.780416+00:00,110.2,50,ask,EarnestEspressos,FlawlessFlatbreads,14447745
2026-07-10T00:07:06.367377,2026-07-10T00:07:06.374228+00:00,110.2,5,ask,Xinhong Shan,DiligentDonuts,14447791
2026-07-10T00:07:06.552498,2026-07-10T00:07:06.560205+00:00,110.2,46,bid,CostlyCorianders,DiligentDonuts,14447796
2026-07-10T00:07:06.829632,2026-07-10T00:07:06.841145+00:00,110.2,49,bid,FlawlessFlatbreads,DiligentDonuts,14447799
2026-07-10T00:07:06.829632,2026-07-10T00:07:06.841145+00:00,110.3,1,bid,FlawlessFlatbreads,Xinhong Shan,14447800
2026-07-10T00:07:09.017971,2026-07-10T00:07:09.029426+00:00,109.9,50,ask,EarnestEspressos,FlawlessFlatbreads,14447839
2026-07-10T00:07:09.200293,2026-07-10T00:07:09.211758+00:00,109.9,48,ask,EarnestEspressos,CostlyCorianders,14447844
2026-07-10T00:07:09.636053,2026-07-10T00:07:09.644540+00:00,110.0,100,ask,DiligentDonuts,EarnestEspressos,14447851
2026-07-10T00:07:09.665415,2026-07-10T00:07:09.674610+00:00,110.0,25,bid,Lachy Miller,EarnestEspressos,14447853
2026-07-10T00:07:11.074466,2026-07-10T00:07:11.085932+00:00,110.0,25,bid,FlawlessFlatbreads,EarnestEspressos,14447882
2026-07-10T00:07:11.074466,2026-07-10T00:07:11.085932+00:00,110.0,5,bid,FlawlessFlatbreads,Xinhong Shan,14447883
2026-07-10T00:07:11.074466,2026-07-10T00:07:11.085932+00:00,110.4,20,bid,FlawlessFlatbreads,Andy Garg,14447884
2026-07-10T00:07:12.311458,2026-07-10T00:07:12.321321+00:00,110.4,5,bid,CostlyCorianders,Xinhong Shan,14447909
2026-07-10T00:07:12.311458,2026-07-10T00:07:12.321321+00:00,110.4,5,bid,CostlyCorianders,Kelvin Chan,14447910
2026-07-10T00:07:12.311458,2026-07-10T00:07:12.321321+00:00,110.5,33,bid,CostlyCorianders,DiligentDonuts,14447911
2026-07-10T00:07:12.867928,2026-07-10T00:07:12.879329+00:00,110.2,44,ask,EarnestEspressos,CostlyCorianders,14447926
2026-07-10T00:07:13.252647,2026-07-10T00:07:13.264695+00:00,110.2,50,ask,EarnestEspressos,FlawlessFlatbreads,14447932
2026-07-10T00:07:15.338596,2026-07-10T00:07:15.349905+00:00,110.4,41,bid,CostlyCorianders,DiligentDonuts,14447976
2026-07-10T00:07:15.360919,2026-07-10T00:07:15.372474+00:00,110.2,50,ask,EarnestEspressos,FlawlessFlatbreads,14447977
2026-07-10T00:07:15.966850,2026-07-10T00:07:15.973725+00:00,110.3,40,ask,Andy Garg,EarnestEspressos,14447992
2026-07-10T00:07:15.966850,2026-07-10T00:07:15.989229+00:00,110.2,5,ask,Xinhong Shan,EarnestEspressos,14447993
2026-07-10T00:07:15.980161,2026-07-10T00:07:15.989229+00:00,110.2,3,bid,Xuanyu Liu,EarnestEspressos,14447995
2026-07-10T00:07:16.473529,2026-07-10T00:07:16.484727+00:00,110.1,46,ask,DiligentDonuts,CostlyCorianders,14448009
2026-07-10T00:07:17.059484,2026-07-10T00:07:17.071159+00:00,110.1,3,ask,DiligentDonuts,Xuanyu Liu,14448024
2026-07-10T00:07:17.481436,2026-07-10T00:07:17.492675+00:00,110.1,50,ask,DiligentDonuts,FlawlessFlatbreads,14448028
2026-07-10T00:07:19.021791,2026-07-10T00:07:19.032231+00:00,110.1,5,ask,Xinhong Shan,DiligentDonuts,14448070
2026-07-10T00:07:19.607105,2026-07-10T00:07:19.614130+00:00,109.8,50,ask,EarnestEspressos,FlawlessFlatbreads,14448085
2026-07-10T00:07:21.732803,2026-07-10T00:07:21.744560+00:00,109.9,36,ask,Andy Garg,FlawlessFlatbreads,14448125
2026-07-10T00:07:21.732803,2026-07-10T00:07:21.744560+00:00,109.8,14,ask,EarnestEspressos,FlawlessFlatbreads,14448126
2026-07-10T00:07:23.542848,2026-07-10T00:07:23.554206+00:00,110.1,5,bid,CostlyCorianders,Xinhong Shan,14448150
2026-07-10T00:07:23.542848,2026-07-10T00:07:23.554206+00:00,110.3,36,bid,CostlyCorianders,DiligentDonuts,14448151
2026-07-10T00:07:23.793268,2026-07-10T00:07:23.805867+00:00,110.3,50,bid,FlawlessFlatbreads,DiligentDonuts,14448160
2026-07-10T00:07:25.734172,2026-07-10T00:07:25.745630+00:00,110.3,5,bid,CostlyCorianders,Xinhong Shan,14448196
2026-07-10T00:07:25.734172,2026-07-10T00:07:25.745630+00:00,110.3,44,bid,CostlyCorianders,EarnestEspressos,14448197
2026-07-10T00:07:25.903805,2026-07-10T00:07:25.910383+00:00,110.3,50,bid,FlawlessFlatbreads,EarnestEspressos,14448200
2026-07-10T00:07:26.800895,2026-07-10T00:07:26.812231+00:00,110.3,47,bid,CostlyCorianders,EarnestEspressos,14448221
2026-07-10T00:07:28.009186,2026-07-10T00:07:28.021094+00:00,110.3,9,bid,FlawlessFlatbreads,EarnestEspressos,14448244
2026-07-10T00:07:28.009186,2026-07-10T00:07:28.021094+00:00,110.3,5,bid,FlawlessFlatbreads,Xinhong Shan,14448245
2026-07-10T00:07:28.009186,2026-07-10T00:07:28.021094+00:00,110.4,1,bid,FlawlessFlatbreads,Kelvin Chan,14448246
2026-07-10T00:07:28.009186,2026-07-10T00:07:28.026311+00:00,110.4,35,bid,FlawlessFlatbreads,Andy Garg,14448247
2026-07-10T00:07:28.511901,2026-07-10T00:07:28.524712+00:00,110.1,5,ask,Xinhong Shan,CostlyCorianders,14448257
2026-07-10T00:07:28.511901,2026-07-10T00:07:28.524712+00:00,110.1,39,ask,DiligentDonuts,CostlyCorianders,14448258
2026-07-10T00:07:28.745841,2026-07-10T00:07:28.756502+00:00,110.4,5,ask,EarnestEspressos,Kelvin Chan,14448262
2026-07-10T00:07:29.550245,2026-07-10T00:07:29.558592+00:00,110.4,43,ask,EarnestEspressos,CostlyCorianders,14448282
2026-07-10T00:07:30.151068,2026-07-10T00:07:30.153327+00:00,110.5,40,bid,FlawlessFlatbreads,Andy Garg,14448291
2026-07-10T00:07:30.151068,2026-07-10T00:07:30.153327+00:00,110.5,5,bid,FlawlessFlatbreads,Xinhong Shan,14448292
2026-07-10T00:07:30.151068,2026-07-10T00:07:30.153327+00:00,110.6,5,bid,FlawlessFlatbreads,DiligentDonuts,14448293
2026-07-10T00:07:32.190582,2026-07-10T00:07:32.202173+00:00,110.4,5,ask,Xinhong Shan,Kelvin Chan,14448324
2026-07-10T00:07:32.262163,2026-07-10T00:07:32.269490+00:00,110.5,50,bid,FlawlessFlatbreads,DiligentDonuts,14448327
2026-07-10T00:07:34.406605,2026-07-10T00:07:34.417695+00:00,110.4,4,bid,FlawlessFlatbreads,Kelvin Chan,14448356
2026-07-10T00:07:34.406605,2026-07-10T00:07:34.417695+00:00,110.4,5,bid,DiligentDonuts,Xinhong Shan,14448357
2026-07-10T00:07:34.406605,2026-07-10T00:07:34.417695+00:00,110.5,41,bid,FlawlessFlatbreads,DiligentDonuts,14448358
2026-07-10T00:07:34.798837,2026-07-10T00:07:34.810860+00:00,110.4,4,bid,DiligentDonuts,Kelvin Chan,14448366
2026-07-10T00:07:34.798837,2026-07-10T00:07:34.810860+00:00,110.4,5,bid,FlawlessFlatbreads,Xinhong Shan,14448367
2026-07-10T00:07:36.573588,2026-07-10T00:07:36.584975+00:00,110.5,50,ask,DiligentDonuts,FlawlessFlatbreads,14448408
2026-07-10T00:07:38.638706,2026-07-10T00:07:38.643379+00:00,110.8,5,bid,FlawlessFlatbreads,Xinhong Shan,14448451
2026-07-10T00:07:38.638706,2026-07-10T00:07:38.643379+00:00,110.9,45,bid,FlawlessFlatbreads,EarnestEspressos,14448452
2026-07-10T00:07:38.847377,2026-07-10T00:07:38.854223+00:00,110.9,44,bid,CostlyCorianders,EarnestEspressos,14448454
