timestamp,recv_time,price,volume,aggressor_side,buyer,seller,trade_id
2026-07-04T03:59:59.994892,2026-07-04T04:00:00.000686+00:00,137.9,43,bid,CostlyCorianders,EarnestEspressos,6540729
2026-07-04T04:00:00.119913,2026-07-04T04:00:00.087212+00:00,137.9,50,bid,FlawlessFlatbreads,EarnestEspressos,6540731
2026-07-04T04:00:01.075767,2026-07-04T04:00:01.078267+00:00,138.1,100,bid,EarnestEspressos,DiligentDonuts,6540743
2026-07-04T04:00:01.143986,2026-07-04T04:00:01.153821+00:00,138.1,3,ask,EarnestEspressos,Xuanyu Liu,6540744
2026-07-04T04:00:02.173848,2026-07-04T04:00:02.185932+00:00,138.1,47,ask,EarnestEspressos,CostlyCorianders,6540758
2026-07-04T04:00:02.173848,2026-07-04T04:00:02.185932+00:00,137.6,2,ask,DiligentDonuts,CostlyCorianders,6540759
2026-07-04T04:00:02.229400,2026-07-04T04:00:02.241139+00:00,138.6,50,bid,FlawlessFlatbreads,EarnestEspressos,6540760
2026-07-04T04:00:02.675162,2026-07-04T04:00:02.680113+00:00,137.9,49,ask,DiligentDonuts,CostlyCorianders,6540769
2026-07-04T04:00:03.254167,2026-07-04T04:00:03.263002+00:00,138.4,48,bid,CostlyCorianders,DiligentDonuts,6540781
2026-07-04T04:00:04.233344,2026-07-04T04:00:04.243204+00:00,138.4,40,bid,CostlyCorianders,DiligentDonuts,6540786
2026-07-04T04:00:04.699585,2026-07-04T04:00:04.711032+00:00,137.9,45,ask,DiligentDonuts,CostlyCorianders,6540790
2026-07-04T04:00:06.282714,2026-07-04T04:00:06.294386+00:00,138.1,45,ask,DiligentDonuts,CostlyCorianders,6540811
2026-07-04T04:00:06.493967,2026-07-04T04:00:06.500984+00:00,138.1,50,ask,DiligentDonuts,FlawlessFlatbreads,6540813
2026-07-04T04:00:07.377690,2026-07-04T04:00:07.385594+00:00,138.6,45,bid,CostlyCorianders,DiligentDonuts,6540827
2026-07-04T04:00:08.600454,2026-07-04T04:00:08.612114+00:00,138.1,5,ask,DiligentDonuts,FlawlessFlatbreads,6540843
2026-07-04T04:00:08.600454,2026-07-04T04:00:08.612114+00:00,137.9,45,ask,EarnestEspressos,FlawlessFlatbreads,6540844
2026-07-04T04:00:10.709120,2026-07-04T04:00:10.720571+00:00,137.8,50,ask,DiligentDonuts,FlawlessFlatbreads,6540872
2026-07-04T04:00:11.527696,2026-07-04T04:00:11.536490+00:00,137.9,3,bid,Xuanyu Liu,EarnestEspressos,6540884
2026-07-04T04:00:12.818954,2026-07-04T04:00:12.827791+00:00,137.7,50,ask,DiligentDonuts,FlawlessFlatbreads,6540899
2026-07-04T04:00:19.083843,2026-07-04T04:00:19.095207+00:00,138.0,50,bid,FlawlessFlatbreads,DiligentDonuts,6540966
2026-07-04T04:00:20.485085,2026-07-04T04:00:20.496273+00:00,138.0,49,bid,CostlyCorianders,DiligentDonuts,6540989
2026-07-04T04:00:21.191802,2026-07-04T04:00:21.200526+00:00,138.0,1,bid,FlawlessFlatbreads,DiligentDonuts,6540997
2026-07-04T04:00:23.297757,2026-07-04T04:00:23.304892+00:00,138.1,50,bid,FlawlessFlatbreads,DiligentDonuts,6541024
2026-07-04T04:00:24.916719,2026-07-04T04:00:24.928269+00:00,138.2,46,bid,CostlyCorianders,EarnestEspressos,6541051
2026-07-04T04:00:25.420177,2026-07-04T04:00:25.436585+00:00,138.2,50,bid,FlawlessFlatbreads,EarnestEspressos,6541058
2026-07-04T04:00:27.534324,2026-07-04T04:00:27.542075+00:00,138.5,50,bid,FlawlessFlatbreads,DiligentDonuts,6541077
2026-07-04T04:00:28.570857,2026-07-04T04:00:28.579993+00:00,138.1,3,ask,DiligentDonuts,Xuanyu Liu,6541092
2026-07-04T04:00:29.662395,2026-07-04T04:00:29.674602+00:00,138.4,50,bid,FlawlessFlatbreads,EarnestEspressos,6541106
2026-07-04T04:00:31.134300,2026-07-04T04:00:31.141973+00:00,138.1,45,ask,DiligentDonuts,CostlyCorianders,6541120
2026-07-04T04:00:33.920604,2026-07-04T04:00:33.927222+00:00,138.1,50,ask,DiligentDonuts,FlawlessFlatbreads,6541154
2026-07-04T04:00:34.146517,2026-07-04T04:00:34.153027+00:00,138.1,100,ask,EarnestEspressos,DiligentDonuts,6541157
2026-07-04T04:00:34.552075,2026-07-04T04:00:34.560946+00:00,138.1,11,ask,EarnestEspressos,Xuanyu Liu,6541161
2026-07-04T04:00:34.969599,2026-07-04T04:00:34.981037+00:00,138.1,39,ask,EarnestEspressos,CostlyCorianders,6541166
2026-07-04T04:00:34.969599,2026-07-04T04:00:34.981037+00:00,137.6,9,ask,DiligentDonuts,CostlyCorianders,6541167
2026-07-04T04:00:36.011657,2026-07-04T04:00:36.020314+00:00,137.9,11,bid,Xuanyu Liu,EarnestEspressos,6541186
2026-07-04T04:00:37.011734,2026-07-04T04:00:37.023344+00:00,137.9,46,bid,CostlyCorianders,EarnestEspressos,6541197
2026-07-04T04:00:37.255186,2026-07-04T04:00:37.264097+00:00,137.9,93,bid,DiligentDonuts,EarnestEspressos,6541198
2026-07-04T04:00:40.236343,2026-07-04T04:00:40.244859+00:00,138.0,50,ask,EarnestEspressos,FlawlessFlatbreads,6541243
2026-07-04T04:00:42.370317,2026-07-04T04:00:42.379167+00:00,138.0,50,ask,EarnestEspressos,FlawlessFlatbreads,6541267
2026-07-04T04:00:44.484518,2026-07-04T04:00:44.491786+00:00,138.1,44,ask,DiligentDonuts,CostlyCorianders,6541297
2026-07-04T04:00:45.077471,2026-07-04T04:00:45.088695+00:00,138.5,47,bid,CostlyCorianders,EarnestEspressos,6541309
2026-07-04T04:00:46.527527,2026-07-04T04:00:46.539351+00:00,138.4,50,bid,FlawlessFlatbreads,EarnestEspressos,6541327
2026-07-04T04:00:48.597482,2026-07-04T04:00:48.605731+00:00,138.2,41,ask,EarnestEspressos,CostlyCorianders,6541353
2026-07-04T04:00:48.633541,2026-07-04T04:00:48.644858+00:00,138.3,50,bid,FlawlessFlatbreads,DiligentDonuts,6541354
2026-07-04T04:00:49.578311,2026-07-04T04:00:49.586683+00:00,138.2,11,ask,EarnestEspressos,Xuanyu Liu,6541366
2026-07-04T04:00:49.960839,2026-07-04T04:00:49.969205+00:00,138.2,98,ask,EarnestEspressos,DiligentDonuts,6541372
2026-07-04T04:00:50.165529,2026-07-04T04:00:50.178978+00:00,138.2,2,bid,CostlyCorianders,DiligentDonuts,6541376
2026-07-04T04:00:50.739384,2026-07-04T04:00:50.748129+00:00,138.7,50,bid,FlawlessFlatbreads,EarnestEspressos,6541382
2026-07-04T04:00:52.845882,2026-07-04T04:00:52.857417+00:00,138.2,50,bid,FlawlessFlatbreads,EarnestEspressos,6541414
2026-07-04T04:00:54.814800,2026-07-04T04:00:54.824360+00:00,138.2,14,bid,Xuanyu Liu,EarnestEspressos,6541442
2026-07-04T04:00:54.954434,2026-07-04T04:00:54.966306+00:00,138.6,50,bid,FlawlessFlatbreads,DiligentDonuts,6541445
2026-07-04T04:00:56.242142,2026-07-04T04:00:56.250170+00:00,138.5,14,ask,DiligentDonuts,Xuanyu Liu,6541469
2026-07-04T04:00:56.885918,2026-07-04T04:00:56.894283+00:00,138.8,46,bid,CostlyCorianders,EarnestEspressos,6541478
2026-07-04T04:00:57.061616,2026-07-04T04:00:57.068941+00:00,138.8,50,bid,FlawlessFlatbreads,EarnestEspressos,6541483
2026-07-04T04:00:58.090715,2026-07-04T04:00:58.128432+00:00,138.6,12,ask,EarnestEspressos,Xuanyu Liu,6541491
2026-07-04T04:00:58.379675,2026-07-04T04:00:58.391547+00:00,138.6,49,ask,EarnestEspressos,CostlyCorianders,6541498
2026-07-04T04:00:59.165769,2026-07-04T04:00:59.176879+00:00,139.0,50,bid,FlawlessFlatbreads,DiligentDonuts,6541511
2026-07-04T04:01:01.273054,2026-07-04T04:01:01.284572+00:00,139.1,50,bid,FlawlessFlatbreads,DiligentDonuts,6541546
2026-07-04T04:01:01.389571,2026-07-04T04:01:01.397640+00:00,138.6,23,ask,DiligentDonuts,Xuanyu Liu,6541548
2026-07-04T04:01:02.884357,2026-07-04T04:01:02.894157+00:00,138.5,40,ask,DiligentDonuts,CostlyCorianders,6541565
2026-07-04T04:01:03.381547,2026-07-04T04:01:03.388103+00:00,138.8,50,bid,FlawlessFlatbreads,EarnestEspressos,6541577
2026-07-04T04:01:04.414201,2026-07-04T04:01:04.420675+00:00,139.0,41,bid,CostlyCorianders,DiligentDonuts,6541589
2026-07-04T04:01:05.488161,2026-07-04T04:01:05.499781+00:00,139.0,50,bid,FlawlessFlatbreads,DiligentDonuts,6541603
2026-07-04T04:01:06.063277,2026-07-04T04:01:06.075330+00:00,138.7,46,ask,DiligentDonuts,CostlyCorianders,6541612
2026-07-04T04:01:06.640252,2026-07-04T04:01:06.649485+00:00,138.7,11,ask,DiligentDonuts,Xuanyu Liu,6541619
2026-07-04T04:01:07.139895,2026-07-04T04:01:07.151765+00:00,139.1,42,bid,CostlyCorianders,EarnestEspressos,6541628
2026-07-04T04:01:07.599212,2026-07-04T04:01:07.610885+00:00,139.2,50,bid,FlawlessFlatbreads,DiligentDonuts,6541632
2026-07-04T04:01:11.529093,2026-07-04T04:01:11.540521+00:00,138.6,48,ask,DiligentDonuts,CostlyCorianders,6541688
2026-07-04T04:01:11.819529,2026-07-04T04:01:11.821662+00:00,139.0,50,bid,FlawlessFlatbreads,EarnestEspressos,6541690
2026-07-04T04:01:13.891360,2026-07-04T04:01:13.898134+00:00,139.0,100,bid,EarnestEspressos,DiligentDonuts,6541724
2026-07-04T04:01:13.959647,2026-07-04T04:01:13.968103+00:00,139.1,23,ask,EarnestEspressos,Xuanyu Liu,6541728
2026-07-04T04:01:15.322757,2026-07-04T04:01:15.334852+00:00,139.1,27,ask,EarnestEspressos,CostlyCorianders,6541746
2026-07-04T04:01:15.322757,2026-07-04T04:01:15.334852+00:00,138.9,15,ask,DiligentDonuts,CostlyCorianders,6541747
2026-07-04T04:01:16.042166,2026-07-04T04:01:16.052792+00:00,139.4,50,bid,FlawlessFlatbreads,DiligentDonuts,6541764
2026-07-04T04:01:16.319657,2026-07-04T04:01:16.326602+00:00,139.4,43,bid,CostlyCorianders,DiligentDonuts,6541770
2026-07-04T04:01:16.373374,2026-07-04T04:01:16.385051+00:00,138.9,45,ask,DiligentDonuts,CostlyCorianders,6541774
2026-07-04T04:01:17.027581,2026-07-04T04:01:17.039270+00:00,138.9,40,ask,DiligentDonuts,CostlyCorianders,6541779
2026-07-04T04:01:18.147829,2026-07-04T04:01:18.151602+00:00,139.2,50,bid,FlawlessFlatbreads,EarnestEspressos,6541807
2026-07-04T04:01:18.370106,2026-07-04T04:01:18.376452+00:00,139.2,100,bid,DiligentDonuts,EarnestEspressos,6541809
2026-07-04T04:01:20.259159,2026-07-04T04:01:20.270902+00:00,139.7,50,bid,FlawlessFlatbreads,DiligentDonuts,6541830
2026-07-04T04:01:22.193475,2026-07-04T04:01:22.200331+00:00,139.3,47,ask,EarnestEspressos,CostlyCorianders,6541844
2026-07-04T04:01:22.418366,2026-07-04T04:01:22.430061+00:00,139.3,50,ask,EarnestEspressos,FlawlessFlatbreads,6541848
2026-07-04T04:01:23.175676,2026-07-04T04:01:23.182323+00:00,139.4,43,bid,CostlyCorianders,DiligentDonuts,6541857
2026-07-04T04:01:23.698082,2026-07-04T04:01:23.707772+00:00,139.4,49,bid,CostlyCorianders,DiligentDonuts,6541860
2026-07-04T04:01:24.271007,2026-07-04T04:01:24.282885+00:00,139.4,8,bid,CostlyCorianders,DiligentDonuts,6541869
2026-07-04T04:01:24.271007,2026-07-04T04:01:24.282885+00:00,139.5,36,bid,CostlyCorianders,EarnestEspressos,6541870
2026-07-04T04:01:24.524594,2026-07-04T04:01:24.536073+00:00,139.0,50,ask,EarnestEspressos,FlawlessFlatbreads,6541871
2026-07-04T04:01:26.632071,2026-07-04T04:01:26.643844+00:00,139.4,50,ask,DiligentDonuts,FlawlessFlatbreads,6541906
2026-07-04T04:01:27.182256,2026-07-04T04:01:27.193851+00:00,139.4,47,ask,DiligentDonuts,CostlyCorianders,6541911
2026-07-04T04:01:27.797076,2026-07-04T04:01:27.805121+00:00,139.4,3,ask,DiligentDonuts,Xuanyu Liu,6541918
2026-07-04T04:01:27.835454,2026-07-04T04:01:27.839440+00:00,139.5,48,bid,CostlyCorianders,EarnestEspressos,6541921
2026-07-04T04:01:28.738829,2026-07-04T04:01:28.750737+00:00,139.0,50,ask,EarnestEspressos,FlawlessFlatbreads,6541934
2026-07-04T04:01:28.894382,2026-07-04T04:01:28.905879+00:00,139.0,48,ask,EarnestEspressos,CostlyCorianders,6541937
2026-07-04T04:01:29.766022,2026-07-04T04:01:29.774444+00:00,139.1,3,bid,Xuanyu Liu,EarnestEspressos,6541956
2026-07-04T04:01:30.851206,2026-07-04T04:01:30.858633+00:00,139.0,50,ask,DiligentDonuts,FlawlessFlatbreads,6541966
2026-07-04T04:01:31.570097,2026-07-04T04:01:31.578443+00:00,139.1,12,bid,Xuanyu Liu,EarnestEspressos,6541977
2026-07-04T04:01:32.956613,2026-07-04T04:01:32.968060+00:00,138.8,50,ask,DiligentDonuts,FlawlessFlatbreads,6541996
2026-07-04T04:01:35.068564,2026-07-04T04:01:35.079584+00:00,138.8,50,ask,EarnestEspressos,FlawlessFlatbreads,6542023
2026-07-04T04:01:35.271644,2026-07-04T04:01:35.283515+00:00,139.0,41,bid,CostlyCorianders,DiligentDonuts,6542027
2026-07-04T04:01:35.502738,2026-07-04T04:01:35.510599+00:00,139.0,11,bid,Xuanyu Liu,DiligentDonuts,6542032
2026-07-04T04:01:36.844447,2026-07-04T04:01:36.852045+00:00,138.6,47,ask,EarnestEspressos,CostlyCorianders,6542050
2026-07-04T04:01:37.174562,2026-07-04T04:01:37.186147+00:00,138.6,50,ask,EarnestEspressos,FlawlessFlatbreads,6542055
2026-07-04T04:01:37.926784,2026-07-04T04:01:37.937541+00:00,139.1,42,bid,CostlyCorianders,EarnestEspressos,6542065
2026-07-04T04:01:39.274133,2026-07-04T04:01:39.284098+00:00,138.8,23,bid,Xuanyu Liu,EarnestEspressos,6542081
2026-07-04T04:01:39.315736,2026-07-04T04:01:39.327211+00:00,138.7,50,ask,DiligentDonuts,FlawlessFlatbreads,6542083
2026-07-04T04:01:39.916614,2026-07-04T04:01:39.924436+00:00,138.8,23,bid,Xuanyu Liu,EarnestEspressos,6542091
2026-07-04T04:01:40.512231,2026-07-04T04:01:40.519759+00:00,138.8,100,bid,DiligentDonuts,EarnestEspressos,6542101
2026-07-04T04:01:41.424802,2026-07-04T04:01:41.434127+00:00,138.3,50,ask,EarnestEspressos,FlawlessFlatbreads,6542118
2026-07-04T04:01:43.557642,2026-07-04T04:01:43.568896+00:00,138.9,50,ask,EarnestEspressos,FlawlessFlatbreads,6542148
2026-07-04T04:01:45.090112,2026-07-04T04:01:45.098289+00:00,139.4,43,bid,CostlyCorianders,EarnestEspressos,6542172
2026-07-04T04:01:46.027159,2026-07-04T04:01:46.034956+00:00,139.2,12,ask,EarnestEspressos,Xuanyu Liu,6542181
2026-07-04T04:01:46.887774,2026-07-04T04:01:46.899606+00:00,139.2,100,ask,EarnestEspressos,DiligentDonuts,6542188
2026-07-04T04:01:49.819339,2026-07-04T04:01:49.827925+00:00,139.2,50,bid,FlawlessFlatbreads,EarnestEspressos,6542227
2026-07-04T04:01:49.960694,2026-07-04T04:01:49.970002+00:00,139.2,12,bid,Xuanyu Liu,EarnestEspressos,6542230
2026-07-04T04:01:49.998526,2026-07-04T04:01:50.009937+00:00,139.2,88,bid,DiligentDonuts,EarnestEspressos,6542232
2026-07-04T04:01:51.872794,2026-07-04T04:01:51.880654+00:00,139.5,12,ask,EarnestEspressos,Xuanyu Liu,6542252
2026-07-04T04:01:51.925309,2026-07-04T04:01:51.936690+00:00,139.7,50,bid,FlawlessFlatbreads,DiligentDonuts,6542256
2026-07-04T04:01:52.649784,2026-07-04T04:01:52.656157+00:00,139.5,46,ask,EarnestEspressos,CostlyCorianders,6542264
2026-07-04T04:01:53.661277,2026-07-04T04:01:53.672873+00:00,139.8,46,bid,CostlyCorianders,DiligentDonuts,6542275
2026-07-04T04:01:53.916083,2026-07-04T04:01:53.925455+00:00,139.5,11,ask,EarnestEspressos,Xuanyu Liu,6542280
2026-07-04T04:01:54.043783,2026-07-04T04:01:54.063668+00:00,139.8,50,bid,FlawlessFlatbreads,DiligentDonuts,6542284
2026-07-04T04:01:56.150109,2026-07-04T04:01:56.158597+00:00,139.6,50,bid,FlawlessFlatbreads,EarnestEspressos,6542307
2026-07-04T04:01:56.545843,2026-07-04T04:01:56.554690+00:00,139.5,12,ask,DiligentDonuts,Xuanyu Liu,6542315
2026-07-04T04:01:58.267384,2026-07-04T04:01:58.279052+00:00,139.8,50,bid,FlawlessFlatbreads,EarnestEspressos,6542335
2026-07-04T04:01:59.517595,2026-07-04T04:01:59.529296+00:00,139.3,40,ask,EarnestEspressos,CostlyCorianders,6542349
2026-07-04T04:02:00.453337,2026-07-04T04:02:00.447040+00:00,139.3,50,ask,EarnestEspressos,FlawlessFlatbreads,6542356
2026-07-04T04:02:02.279686,2026-07-04T04:02:02.291128+00:00,139.3,43,ask,DiligentDonuts,CostlyCorianders,6542381
2026-07-04T04:02:03.098702,2026-07-04T04:02:03.106289+00:00,139.5,23,bid,Xuanyu Liu,EarnestEspressos,6542392
2026-07-04T04:02:03.294345,2026-07-04T04:02:03.305026+00:00,139.5,48,bid,CostlyCorianders,EarnestEspressos,6542396
2026-07-04T04:02:03.938046,2026-07-04T04:02:03.945056+00:00,139.5,49,bid,CostlyCorianders,EarnestEspressos,6542409
2026-07-04T04:02:04.514082,2026-07-04T04:02:04.521596+00:00,139.7,100,bid,EarnestEspressos,DiligentDonuts,6542422
2026-07-04T04:02:04.578766,2026-07-04T04:02:04.586393+00:00,139.8,34,ask,EarnestEspressos,Xuanyu Liu,6542425
2026-07-04T04:02:05.725144,2026-07-04T04:02:05.733236+00:00,139.8,11,ask,EarnestEspressos,Xuanyu Liu,6542438
2026-07-04T04:02:05.902536,2026-07-04T04:02:05.915288+00:00,139.8,5,ask,EarnestEspressos,CostlyCorianders,6542444
2026-07-04T04:02:05.902536,2026-07-04T04:02:05.920523+00:00,139.6,42,ask,DiligentDonuts,CostlyCorianders,6542445
2026-07-04T04:02:06.775069,2026-07-04T04:02:06.784366+00:00,139.6,50,ask,DiligentDonuts,FlawlessFlatbreads,6542457
2026-07-04T04:02:07.735461,2026-07-04T04:02:07.743514+00:00,139.8,11,bid,Xuanyu Liu,EarnestEspressos,6542471
2026-07-04T04:02:07.773292,2026-07-04T04:02:07.784982+00:00,139.6,8,ask,DiligentDonuts,CostlyCorianders,6542474
2026-07-04T04:02:07.773292,2026-07-04T04:02:07.784982+00:00,139.3,32,ask,EarnestEspressos,CostlyCorianders,6542475
2026-07-04T04:02:08.320325,2026-07-04T04:02:08.337653+00:00,139.8,11,bid,Xuanyu Liu,EarnestEspressos,6542481
2026-07-04T04:02:09.405761,2026-07-04T04:02:09.417156+00:00,139.6,42,ask,DiligentDonuts,CostlyCorianders,6542494
2026-07-04T04:02:09.664984,2026-07-04T04:02:09.673126+00:00,139.8,23,bid,Xuanyu Liu,EarnestEspressos,6542497
2026-07-04T04:02:10.274199,2026-07-04T04:02:10.281350+00:00,139.8,45,bid,CostlyCorianders,EarnestEspressos,6542508
2026-07-04T04:02:10.985999,2026-07-04T04:02:10.997626+00:00,139.9,50,ask,EarnestEspressos,FlawlessFlatbreads,6542517
2026-07-04T04:02:13.092374,2026-07-04T04:02:13.102316+00:00,139.9,50,ask,EarnestEspressos,FlawlessFlatbreads,6542545
2026-07-04T04:02:13.608394,2026-07-04T04:02:13.616888+00:00,139.9,23,ask,EarnestEspressos,Xuanyu Liu,6542552
2026-07-04T04:02:14.043653,2026-07-04T04:02:14.067574+00:00,139.6,100,ask,DiligentDonuts,EarnestEspressos,6542561
2026-07-04T04:02:14.059384,2026-07-04T04:02:14.067574+00:00,139.6,23,bid,Xuanyu Liu,EarnestEspressos,6542562
2026-07-04T04:02:14.913746,2026-07-04T04:02:14.922477+00:00,139.6,12,bid,Xuanyu Liu,EarnestEspressos,6542568
2026-07-04T04:02:15.199034,2026-07-04T04:02:15.206442+00:00,139.1,50,ask,EarnestEspressos,FlawlessFlatbreads,6542578
2026-07-04T04:02:17.152246,2026-07-04T04:02:17.160941+00:00,139.9,100,bid,EarnestEspressos,DiligentDonuts,6542612
2026-07-04T04:02:17.305395,2026-07-04T04:02:17.312466+00:00,139.9,50,ask,EarnestEspressos,FlawlessFlatbreads,6542613
2026-07-04T04:02:18.932795,2026-07-04T04:02:18.940439+00:00,139.7,47,ask,DiligentDonuts,CostlyCorianders,6542649
2026-07-04T04:02:19.412018,2026-07-04T04:02:19.420973+00:00,139.7,50,ask,DiligentDonuts,FlawlessFlatbreads,6542655
2026-07-04T04:02:20.369110,2026-07-04T04:02:20.379965+00:00,139.7,3,ask,DiligentDonuts,EarnestEspressos,6542668
2026-07-04T04:02:21.524598,2026-07-04T04:02:21.531896+00:00,139.2,50,ask,EarnestEspressos,FlawlessFlatbreads,6542684
2026-07-04T04:02:23.559326,2026-07-04T04:02:23.580031+00:00,139.4,100,ask,DiligentDonuts,EarnestEspressos,6542715
2026-07-04T04:02:23.571990,2026-07-04T04:02:23.580031+00:00,139.4,14,bid,Xuanyu Liu,EarnestEspressos,6542716
2026-07-04T04:02:23.630618,2026-07-04T04:02:23.642175+00:00,138.9,50,ask,EarnestEspressos,FlawlessFlatbreads,6542718
2026-07-04T04:02:25.020184,2026-07-04T04:02:25.032253+00:00,139.4,36,bid,CostlyCorianders,EarnestEspressos,6542734
2026-07-04T04:02:25.020184,2026-07-04T04:02:25.032253+00:00,139.6,12,bid,CostlyCorianders,DiligentDonuts,6542735
2026-07-04T04:02:25.686704,2026-07-04T04:02:25.696515+00:00,139.6,50,bid,FlawlessFlatbreads,DiligentDonuts,6542739
2026-07-04T04:02:26.240986,2026-07-04T04:02:26.249682+00:00,139.6,38,bid,CostlyCorianders,DiligentDonuts,6542745
2026-07-04T04:02:27.793432,2026-07-04T04:02:27.805120+00:00,139.9,50,bid,FlawlessFlatbreads,EarnestEspressos,6542766
2026-07-04T04:02:27.980963,2026-07-04T04:02:27.992623+00:00,139.4,43,ask,EarnestEspressos,CostlyCorianders,6542767
2026-07-04T04:02:29.693499,2026-07-04T04:02:29.705279+00:00,139.9,49,bid,CostlyCorianders,EarnestEspressos,6542789
2026-07-04T04:02:29.958688,2026-07-04T04:02:29.970373+00:00,139.7,50,ask,EarnestEspressos,FlawlessFlatbreads,6542792
2026-07-04T04:02:31.819483,2026-07-04T04:02:31.831275+00:00,139.7,41,ask,EarnestEspressos,CostlyCorianders,6542822
2026-07-04T04:02:32.064958,2026-07-04T04:02:32.076277+00:00,139.7,50,ask,EarnestEspressos,FlawlessFlatbreads,6542827
2026-07-04T04:02:33.046424,2026-07-04T04:02:33.063939+00:00,139.7,100,ask,DiligentDonuts,EarnestEspressos,6542836
2026-07-04T04:02:34.191418,2026-07-04T04:02:34.203020+00:00,139.1,50,ask,EarnestEspressos,FlawlessFlatbreads,6542852
2026-07-04T04:02:34.561402,2026-07-04T04:02:34.573319+00:00,139.6,47,bid,CostlyCorianders,EarnestEspressos,6542857
2026-07-04T04:02:36.312185,2026-07-04T04:02:36.323999+00:00,139.4,50,ask,EarnestEspressos,FlawlessFlatbreads,6542879
2026-07-04T04:02:37.074737,2026-07-04T04:02:37.083591+00:00,139.4,45,ask,EarnestEspressos,CostlyCorianders,6542890
2026-07-04T04:02:37.996895,2026-07-04T04:02:38.007352+00:00,139.7,47,bid,CostlyCorianders,DiligentDonuts,6542901
2026-07-04T04:02:38.420205,2026-07-04T04:02:38.432152+00:00,139.4,50,ask,EarnestEspressos,FlawlessFlatbreads,6542904
2026-07-04T04:02:40.476394,2026-07-04T04:02:40.488204+00:00,139.6,50,bid,FlawlessFlatbreads,EarnestEspressos,6542934
2026-07-04T04:02:42.585208,2026-07-04T04:02:42.593582+00:00,139.5,42,ask,DiligentDonuts,CostlyCorianders,6542967
2026-07-04T04:02:42.635725,2026-07-04T04:02:42.648936+00:00,139.5,50,ask,DiligentDonuts,FlawlessFlatbreads,6542969
2026-07-04T04:02:44.743285,2026-07-04T04:02:44.754800+00:00,139.1,50,ask,EarnestEspressos,FlawlessFlatbreads,6543004
2026-07-04T04:02:45.063839,2026-07-04T04:02:45.075516+00:00,139.5,40,bid,CostlyCorianders,DiligentDonuts,6543006
2026-07-04T04:02:45.582046,2026-07-04T04:02:45.593916+00:00,139.5,46,bid,CostlyCorianders,DiligentDonuts,6543019
2026-07-04T04:02:46.220126,2026-07-04T04:02:46.231903+00:00,139.4,42,bid,CostlyCorianders,EarnestEspressos,6543032
2026-07-04T04:02:46.491986,2026-07-04T04:02:46.500541+00:00,139.4,3,bid,Xuanyu Liu,EarnestEspressos,6543039
2026-07-04T04:02:46.851544,2026-07-04T04:02:46.858603+00:00,139.0,50,ask,DiligentDonuts,FlawlessFlatbreads,6543050
2026-07-04T04:02:48.907170,2026-07-04T04:02:48.916272+00:00,139.5,50,bid,FlawlessFlatbreads,EarnestEspressos,6543079
2026-07-04T04:02:50.313123,2026-07-04T04:02:50.320453+00:00,139.1,41,ask,DiligentDonuts,CostlyCorianders,6543103
2026-07-04T04:02:51.012973,2026-07-04T04:02:51.022306+00:00,139.5,50,bid,FlawlessFlatbreads,EarnestEspressos,6543112
2026-07-04T04:02:51.506521,2026-07-04T04:02:51.514095+00:00,139.5,48,bid,CostlyCorianders,EarnestEspressos,6543119
2026-07-04T04:02:51.980351,2026-07-04T04:02:51.991905+00:00,139.6,100,bid,EarnestEspressos,DiligentDonuts,6543133
2026-07-04T04:02:51.999689,2026-07-04T04:02:52.011171+00:00,139.6,49,ask,EarnestEspressos,CostlyCorianders,6543135
2026-07-04T04:02:52.048891,2026-07-04T04:02:52.059033+00:00,139.6,1,ask,EarnestEspressos,Xuanyu Liu,6543137
2026-07-04T04:02:53.120948,2026-07-04T04:02:53.128018+00:00,140.1,50,bid,FlawlessFlatbreads,EarnestEspressos,6543148
2026-07-04T04:02:54.966202,2026-07-04T04:02:54.977527+00:00,139.3,47,ask,DiligentDonuts,CostlyCorianders,6543189
2026-07-04T04:02:55.226965,2026-07-04T04:02:55.238421+00:00,139.6,50,bid,FlawlessFlatbreads,EarnestEspressos,6543197
2026-07-04T04:02:55.608001,2026-07-04T04:02:55.619854+00:00,139.6,41,bid,CostlyCorianders,EarnestEspressos,6543200
2026-07-04T04:02:57.334918,2026-07-04T04:02:57.346480+00:00,139.6,50,bid,FlawlessFlatbreads,EarnestEspressos,6543213
2026-07-04T04:02:57.711137,2026-07-04T04:02:57.722987+00:00,139.6,9,bid,CostlyCorianders,EarnestEspressos,6543219
2026-07-04T04:02:57.711137,2026-07-04T04:02:57.722987+00:00,139.6,39,bid,CostlyCorianders,DiligentDonuts,6543220
2026-07-04T04:02:58.200616,2026-07-04T04:02:58.208415+00:00,139.1,45,ask,EarnestEspressos,CostlyCorianders,6543229
2026-07-04T04:02:58.320300,2026-07-04T04:02:58.330004+00:00,139.5,2,ask,EarnestEspressos,Xuanyu Liu,6543232
2026-07-04T04:02:59.440532,2026-07-04T04:02:59.458820+00:00,139.6,50,bid,FlawlessFlatbreads,DiligentDonuts,6543246
2026-07-04T04:03:01.570966,2026-07-04T04:03:01.581473+00:00,140.1,50,bid,FlawlessFlatbreads,DiligentDonuts,6543274
2026-07-04T04:03:03.459567,2026-07-04T04:03:03.467608+00:00,140.0,14,ask,DiligentDonuts,Xuanyu Liu,6543313
2026-07-04T04:03:03.676582,2026-07-04T04:03:03.683141+00:00,140.2,50,bid,FlawlessFlatbreads,EarnestEspressos,6543318
2026-07-04T04:03:03.981071,2026-07-04T04:03:03.989866+00:00,140.0,40,ask,DiligentDonuts,CostlyCorianders,6543324
2026-07-04T04:03:05.113025,2026-07-04T04:03:05.114809+00:00,140.0,41,ask,DiligentDonuts,CostlyCorianders,6543342
2026-07-04T04:03:05.783723,2026-07-04T04:03:05.791772+00:00,140.4,50,bid,FlawlessFlatbreads,EarnestEspressos,6543350
2026-07-04T04:03:07.651688,2026-07-04T04:03:07.660407+00:00,140.0,43,bid,CostlyCorianders,DiligentDonuts,6543386
2026-07-04T04:03:07.803963,2026-07-04T04:03:07.815372+00:00,140.0,57,bid,EarnestEspressos,DiligentDonuts,6543388
2026-07-04T04:03:07.871012,2026-07-04T04:03:07.878968+00:00,140.2,12,ask,EarnestEspressos,Xuanyu Liu,6543391
2026-07-04T04:03:07.942872,2026-07-04T04:03:07.949165+00:00,140.2,50,ask,EarnestEspressos,FlawlessFlatbreads,6543393
2026-07-04T04:03:10.052020,2026-07-04T04:03:10.063885+00:00,140.2,31,ask,EarnestEspressos,FlawlessFlatbreads,6543423
2026-07-04T04:03:10.052020,2026-07-04T04:03:10.063885+00:00,139.8,19,ask,DiligentDonuts,FlawlessFlatbreads,6543424
2026-07-04T04:03:12.162875,2026-07-04T04:03:12.169139+00:00,139.8,50,ask,DiligentDonuts,FlawlessFlatbreads,6543449
2026-07-04T04:03:15.257586,2026-07-04T04:03:15.269085+00:00,139.6,41,ask,DiligentDonuts,CostlyCorianders,6543491
2026-07-04T04:03:15.491787,2026-07-04T04:03:15.506897+00:00,140.0,12,bid,Xuanyu Liu,DiligentDonuts,6543498
2026-07-04T04:03:15.514475,2026-07-04T04:03:15.523654+00:00,140.0,11,bid,Xuanyu Liu,DiligentDonuts,6543501
2026-07-04T04:03:18.493996,2026-07-04T04:03:18.505655+00:00,139.7,50,ask,EarnestEspressos,FlawlessFlatbreads,6543547
2026-07-04T04:03:20.599971,2026-07-04T04:03:20.611725+00:00,139.7,50,ask,DiligentDonuts,FlawlessFlatbreads,6543576
2026-07-04T04:03:21.553884,2026-07-04T04:03:21.563026+00:00,140.1,3,bid,Xuanyu Liu,EarnestEspressos,6543587
2026-07-04T04:03:22.271877,2026-07-04T04:03:22.283393+00:00,140.1,48,bid,CostlyCorianders,EarnestEspressos,6543601
2026-07-04T04:03:22.708244,2026-07-04T04:03:22.720022+00:00,139.8,50,ask,DiligentDonuts,FlawlessFlatbreads,6543605
2026-07-04T04:03:24.284611,2026-07-04T04:03:24.296319+00:00,140.1,48,ask,EarnestEspressos,CostlyCorianders,6543622
2026-07-04T04:03:24.765641,2026-07-04T04:03:24.774303+00:00,140.3,50,bid,FlawlessFlatbreads,DiligentDonuts,6543633
2026-07-04T04:03:26.873356,2026-07-04T04:03:26.885179+00:00,140.3,50,bid,FlawlessFlatbreads,DiligentDonuts,6543652
2026-07-04T04:03:27.371485,2026-07-04T04:03:27.383141+00:00,140.3,42,bid,CostlyCorianders,DiligentDonuts,6543661
2026-07-04T04:03:28.462494,2026-07-04T04:03:28.473952+00:00,140.4,49,bid,CostlyCorianders,EarnestEspressos,6543678
2026-07-04T04:03:28.981215,2026-07-04T04:03:28.992941+00:00,140.4,50,bid,FlawlessFlatbreads,EarnestEspressos,6543684
2026-07-04T04:03:31.088653,2026-07-04T04:03:31.100035+00:00,140.5,50,bid,FlawlessFlatbreads,DiligentDonuts,6543711
2026-07-04T04:03:32.748635,2026-07-04T04:03:32.758549+00:00,140.2,43,ask,EarnestEspressos,CostlyCorianders,6543740
2026-07-04T04:03:33.194973,2026-07-04T04:03:33.206668+00:00,140.5,50,bid,FlawlessFlatbreads,EarnestEspressos,6543742
2026-07-04T04:03:34.718256,2026-07-04T04:03:34.725059+00:00,140.1,44,ask,DiligentDonuts,CostlyCorianders,6543753
2026-07-04T04:03:35.301062,2026-07-04T04:03:35.312539+00:00,140.5,50,bid,FlawlessFlatbreads,EarnestEspressos,6543765
2026-07-04T04:03:36.870327,2026-07-04T04:03:36.880501+00:00,140.6,46,bid,CostlyCorianders,DiligentDonuts,6543793
2026-07-04T04:03:37.408849,2026-07-04T04:03:37.420646+00:00,140.6,50,bid,FlawlessFlatbreads,DiligentDonuts,6543797
2026-07-04T04:03:37.601883,2026-07-04T04:03:37.610858+00:00,140.7,3,ask,DiligentDonuts,Xuanyu Liu,6543799
2026-07-04T04:03:38.876710,2026-07-04T04:03:38.885348+00:00,140.7,23,ask,DiligentDonuts,Xuanyu Liu,6543815
2026-07-04T04:03:40.181959,2026-07-04T04:03:40.189805+00:00,141.1,23,ask,EarnestEspressos,Xuanyu Liu,6543838
2026-07-04T04:03:40.753316,2026-07-04T04:03:40.758582+00:00,141.1,47,ask,EarnestEspressos,CostlyCorianders,6543846
2026-07-04T04:03:40.802960,2026-07-04T04:03:40.814563+00:00,141.1,80,ask,EarnestEspressos,DiligentDonuts,6543847
2026-07-04T04:03:41.211934,2026-07-04T04:03:41.223433+00:00,140.6,45,ask,DiligentDonuts,CostlyCorianders,6543850
2026-07-04T04:03:41.671711,2026-07-04T04:03:41.680952+00:00,140.6,50,ask,DiligentDonuts,FlawlessFlatbreads,6543861
2026-07-04T04:03:42.653941,2026-07-04T04:03:42.661838+00:00,140.7,35,bid,Xuanyu Liu,EarnestEspressos,6543881
2026-07-04T04:03:42.805428,2026-07-04T04:03:42.813526+00:00,140.7,11,bid,Xuanyu Liu,EarnestEspressos,6543890
2026-07-04T04:03:43.782137,2026-07-04T04:03:43.791133+00:00,140.6,5,ask,DiligentDonuts,FlawlessFlatbreads,6543908
2026-07-04T04:03:43.782137,2026-07-04T04:03:43.791133+00:00,140.2,45,ask,EarnestEspressos,FlawlessFlatbreads,6543909
2026-07-04T04:03:43.910605,2026-07-04T04:03:43.921906+00:00,140.7,100,bid,DiligentDonuts,EarnestEspressos,6543913
2026-07-04T04:03:44.159550,2026-07-04T04:03:44.171074+00:00,140.7,4,bid,CostlyCorianders,EarnestEspressos,6543916
2026-07-04T04:03:44.159550,2026-07-04T04:03:44.171074+00:00,141.2,37,bid,CostlyCorianders,DiligentDonuts,6543917
2026-07-04T04:03:45.890066,2026-07-04T04:03:45.897597+00:00,140.8,50,ask,EarnestEspressos,FlawlessFlatbreads,6543937
2026-07-04T04:03:46.138718,2026-07-04T04:03:46.150193+00:00,141.2,45,bid,CostlyCorianders,DiligentDonuts,6543941
2026-07-04T04:03:47.944520,2026-07-04T04:03:47.963773+00:00,141.2,50,bid,FlawlessFlatbreads,DiligentDonuts,6543961
2026-07-04T04:03:48.052916,2026-07-04T04:03:48.061697+00:00,140.8,11,ask,EarnestEspressos,Xuanyu Liu,6543964
2026-07-04T04:03:49.231451,2026-07-04T04:03:49.243234+00:00,140.7,41,ask,DiligentDonuts,CostlyCorianders,6543989
2026-07-04T04:03:50.050827,2026-07-04T04:03:50.058543+00:00,140.8,50,bid,FlawlessFlatbreads,EarnestEspressos,6544000
2026-07-04T04:03:50.105348,2026-07-04T04:03:50.127127+00:00,140.8,49,bid,CostlyCorianders,EarnestEspressos,6544001
2026-07-04T04:03:51.983127,2026-07-04T04:03:51.990959+00:00,140.8,11,bid,Xuanyu Liu,EarnestEspressos,6544025
2026-07-04T04:03:52.158276,2026-07-04T04:03:52.169841+00:00,141.1,50,bid,FlawlessFlatbreads,DiligentDonuts,6544030
2026-07-04T04:03:52.766991,2026-07-04T04:03:52.778647+00:00,141.0,41,ask,EarnestEspressos,CostlyCorianders,6544036
2026-07-04T04:03:53.091327,2026-07-04T04:03:53.100818+00:00,141.0,11,ask,EarnestEspressos,Xuanyu Liu,6544044
2026-07-04T04:03:53.231420,2026-07-04T04:03:53.243146+00:00,141.0,42,ask,EarnestEspressos,CostlyCorianders,6544047
2026-07-04T04:03:55.786209,2026-07-04T04:03:55.796569+00:00,141.2,41,bid,CostlyCorianders,EarnestEspressos,6544085
2026-07-04T04:03:56.417926,2026-07-04T04:03:56.429356+00:00,140.9,50,ask,DiligentDonuts,FlawlessFlatbreads,6544093
2026-07-04T04:03:58.479206,2026-07-04T04:03:58.500220+00:00,141.1,50,bid,FlawlessFlatbreads,DiligentDonuts,6544122
2026-07-04T04:04:00.595042,2026-07-04T04:04:00.602854+00:00,141.3,50,bid,FlawlessFlatbreads,EarnestEspressos,6544146
2026-07-04T04:04:01.356438,2026-07-04T04:04:01.364540+00:00,141.3,47,bid,CostlyCorianders,EarnestEspressos,6544151
2026-07-04T04:04:01.410422,2026-07-04T04:04:01.421796+00:00,140.8,42,ask,EarnestEspressos,CostlyCorianders,6544153
2026-07-04T04:04:01.905259,2026-07-04T04:04:01.916700+00:00,141.3,40,bid,CostlyCorianders,DiligentDonuts,6544162
2026-07-04T04:04:02.416854,2026-07-04T04:04:02.428701+00:00,140.9,42,ask,EarnestEspressos,CostlyCorianders,6544167
2026-07-04T04:04:02.719061,2026-07-04T04:04:02.730257+00:00,141.3,50,bid,FlawlessFlatbreads,DiligentDonuts,6544172
2026-07-04T04:04:02.894679,2026-07-04T04:04:02.903615+00:00,141.2,12,ask,DiligentDonuts,Xuanyu Liu,6544178
2026-07-04T04:04:03.423781,2026-07-04T04:04:03.435220+00:00,141.2,45,ask,DiligentDonuts,CostlyCorianders,6544185
2026-07-04T04:04:04.826358,2026-07-04T04:04:04.838017+00:00,141.5,50,bid,FlawlessFlatbreads,EarnestEspressos,6544204
2026-07-04T04:04:07.014155,2026-07-04T04:04:07.024163+00:00,141.2,50,ask,DiligentDonuts,FlawlessFlatbreads,6544239
2026-07-04T04:04:07.138313,2026-07-04T04:04:07.150068+00:00,141.5,48,bid,CostlyCorianders,EarnestEspressos,6544240
2026-07-04T04:04:07.936780,2026-07-04T04:04:07.946072+00:00,141.3,11,ask,EarnestEspressos,Xuanyu Liu,6544251
2026-07-04T04:04:09.045513,2026-07-04T04:04:09.057833+00:00,141.3,12,ask,EarnestEspressos,Xuanyu Liu,6544262
2026-07-04T04:04:09.122465,2026-07-04T04:04:09.133848+00:00,141.3,50,ask,EarnestEspressos,FlawlessFlatbreads,6544266
2026-07-04T04:04:09.259066,2026-07-04T04:04:09.270701+00:00,141.3,77,ask,EarnestEspressos,DiligentDonuts,6544271
2026-07-04T04:04:11.149556,2026-07-04T04:04:11.158434+00:00,141.1,12,bid,Xuanyu Liu,EarnestEspressos,6544289
2026-07-04T04:04:11.205994,2026-07-04T04:04:11.215976+00:00,141.1,50,bid,FlawlessFlatbreads,EarnestEspressos,6544292
2026-07-04T04:04:12.370498,2026-07-04T04:04:12.382251+00:00,141.1,88,bid,DiligentDonuts,EarnestEspressos,6544307
2026-07-04T04:04:14.092366,2026-07-04T04:04:14.104107+00:00,141.6,40,bid,CostlyCorianders,DiligentDonuts,6544338
2026-07-04T04:04:15.424201,2026-07-04T04:04:15.436071+00:00,141.6,50,bid,FlawlessFlatbreads,DiligentDonuts,6544354
2026-07-04T04:04:17.200654,2026-07-04T04:04:17.212221+00:00,141.5,48,ask,EarnestEspressos,CostlyCorianders,6544380
2026-07-04T04:04:19.131469,2026-07-04T04:04:19.142004+00:00,141.3,42,ask,EarnestEspressos,CostlyCorianders,6544401
2026-07-04T04:04:19.670460,2026-07-04T04:04:19.685879+00:00,141.8,50,bid,FlawlessFlatbreads,EarnestEspressos,6544405
2026-07-04T04:04:20.285964,2026-07-04T04:04:20.297745+00:00,141.8,44,bid,CostlyCorianders,EarnestEspressos,6544410
2026-07-04T04:04:21.308911,2026-07-04T04:04:21.320918+00:00,141.3,42,ask,DiligentDonuts,CostlyCorianders,6544426
2026-07-04T04:04:21.480664,2026-07-04T04:04:21.488462+00:00,141.3,12,ask,DiligentDonuts,Xuanyu Liu,6544430
2026-07-04T04:04:21.776459,2026-07-04T04:04:21.788188+00:00,141.8,50,bid,FlawlessFlatbreads,DiligentDonuts,6544435
2026-07-04T04:04:22.170084,2026-07-04T04:04:22.177800+00:00,141.3,11,ask,EarnestEspressos,Xuanyu Liu,6544445
2026-07-04T04:04:22.313093,2026-07-04T04:04:22.325016+00:00,141.5,45,bid,CostlyCorianders,DiligentDonuts,6544447
2026-07-04T04:04:26.014000,2026-07-04T04:04:26.025442+00:00,141.5,50,bid,FlawlessFlatbreads,EarnestEspressos,6544493
2026-07-04T04:04:26.929803,2026-07-04T04:04:26.937647+00:00,141.3,11,ask,EarnestEspressos,Xuanyu Liu,6544502
2026-07-04T04:04:27.421992,2026-07-04T04:04:27.430196+00:00,141.3,12,ask,EarnestEspressos,Xuanyu Liu,6544509
2026-07-04T04:04:28.182271,2026-07-04T04:04:28.192238+00:00,141.3,50,ask,EarnestEspressos,FlawlessFlatbreads,6544520
2026-07-04T04:04:28.236075,2026-07-04T04:04:28.247606+00:00,141.3,77,ask,EarnestEspressos,DiligentDonuts,6544521
2026-07-04T04:04:29.027793,2026-07-04T04:04:29.039640+00:00,140.8,45,ask,DiligentDonuts,CostlyCorianders,6544537
2026-07-04T04:04:30.144367,2026-07-04T04:04:30.152858+00:00,140.9,34,bid,Xuanyu Liu,EarnestEspressos,6544547
2026-07-04T04:04:31.174294,2026-07-04T04:04:31.185184+00:00,140.9,47,bid,CostlyCorianders,EarnestEspressos,6544563
2026-07-04T04:04:32.363418,2026-07-04T04:04:32.371063+00:00,140.9,50,bid,FlawlessFlatbreads,EarnestEspressos,6544581
2026-07-04T04:04:33.045852,2026-07-04T04:04:33.055890+00:00,140.5,46,ask,DiligentDonuts,CostlyCorianders,6544595
2026-07-04T04:04:36.632955,2026-07-04T04:04:36.654411+00:00,141.0,50,ask,EarnestEspressos,FlawlessFlatbreads,6544645
2026-07-04T04:04:36.644834,2026-07-04T04:04:36.654411+00:00,141.0,34,ask,EarnestEspressos,Xuanyu Liu,6544647
2026-07-04T04:04:36.754536,2026-07-04T04:04:36.757178+00:00,141.0,41,ask,EarnestEspressos,CostlyCorianders,6544649
2026-07-04T04:04:37.719828,2026-07-04T04:04:37.731277+00:00,141.0,25,ask,EarnestEspressos,DiligentDonuts,6544667
2026-07-04T04:04:38.740186,2026-07-04T04:04:38.748492+00:00,140.4,50,ask,DiligentDonuts,FlawlessFlatbreads,6544681
2026-07-04T04:04:39.259566,2026-07-04T04:04:39.269776+00:00,140.9,23,bid,Xuanyu Liu,DiligentDonuts,6544689
2026-07-04T04:04:39.457304,2026-07-04T04:04:39.463844+00:00,140.9,44,bid,CostlyCorianders,DiligentDonuts,6544697
2026-07-04T04:04:39.629771,2026-07-04T04:04:39.637352+00:00,140.8,11,bid,Xuanyu Liu,EarnestEspressos,6544701
2026-07-04T04:04:40.828470,2026-07-04T04:04:40.838953+00:00,140.8,100,bid,DiligentDonuts,EarnestEspressos,6544710
2026-07-04T04:04:40.846808,2026-07-04T04:04:40.858607+00:00,140.3,50,ask,EarnestEspressos,FlawlessFlatbreads,6544711
2026-07-04T04:04:42.952213,2026-07-04T04:04:42.963809+00:00,140.6,50,ask,EarnestEspressos,FlawlessFlatbreads,6544745
2026-07-04T04:04:45.069015,2026-07-04T04:04:45.079878+00:00,140.6,50,ask,EarnestEspressos,FlawlessFlatbreads,6544766
2026-07-04T04:04:45.945026,2026-07-04T04:04:45.969225+00:00,140.5,100,ask,DiligentDonuts,EarnestEspressos,6544786
2026-07-04T04:04:45.959489,2026-07-04T04:04:45.969225+00:00,140.5,12,bid,Xuanyu Liu,EarnestEspressos,6544787
2026-07-04T04:04:46.017419,2026-07-04T04:04:46.029484+00:00,140.5,38,bid,CostlyCorianders,EarnestEspressos,6544790
2026-07-04T04:04:46.017419,2026-07-04T04:04:46.029484+00:00,141.0,6,bid,CostlyCorianders,DiligentDonuts,6544791
2026-07-04T04:04:47.174885,2026-07-04T04:04:47.183042+00:00,140.1,50,ask,DiligentDonuts,FlawlessFlatbreads,6544803
2026-07-04T04:04:48.719739,2026-07-04T04:04:48.735230+00:00,140.6,43,bid,CostlyCorianders,DiligentDonuts,6544826
2026-07-04T04:04:49.281811,2026-07-04T04:04:49.293571+00:00,140.4,50,ask,EarnestEspressos,FlawlessFlatbreads,6544836
2026-07-04T04:04:50.214485,2026-07-04T04:04:50.226240+00:00,140.4,43,ask,EarnestEspressos,CostlyCorianders,6544854
2026-07-04T04:04:50.362049,2026-07-04T04:04:50.371287+00:00,140.4,57,ask,EarnestEspressos,DiligentDonuts,6544855
2026-07-04T04:04:50.773324,2026-07-04T04:04:50.785028+00:00,140.3,40,bid,CostlyCorianders,DiligentDonuts,6544860
2026-07-04T04:04:52.274323,2026-07-04T04:04:52.283282+00:00,140.2,11,bid,Xuanyu Liu,EarnestEspressos,6544879
2026-07-04T04:04:53.472009,2026-07-04T04:04:53.483735+00:00,140.2,100,bid,DiligentDonuts,EarnestEspressos,6544899
2026-07-04T04:04:54.998598,2026-07-04T04:04:55.006396+00:00,140.2,23,bid,Xuanyu Liu,EarnestEspressos,6544906
2026-07-04T04:04:55.391505,2026-07-04T04:04:55.399768+00:00,140.5,23,ask,EarnestEspressos,Xuanyu Liu,6544909
2026-07-04T04:04:55.598538,2026-07-04T04:04:55.607576+00:00,140.5,50,ask,EarnestEspressos,FlawlessFlatbreads,6544916
2026-07-04T04:04:56.687856,2026-07-04T04:04:56.699371+00:00,140.5,77,ask,EarnestEspressos,DiligentDonuts,6544935
2026-07-04T04:04:57.497535,2026-07-04T04:04:57.509360+00:00,140.0,46,ask,DiligentDonuts,CostlyCorianders,6544945
2026-07-04T04:04:57.654126,2026-07-04T04:04:57.660601+00:00,140.5,23,bid,FlawlessFlatbreads,DiligentDonuts,6544946
2026-07-04T04:04:59.240014,2026-07-04T04:04:59.251565+00:00,140.3,44,bid,CostlyCorianders,EarnestEspressos,6544978
2026-07-04T04:04:59.813019,2026-07-04T04:04:59.822652+00:00,140.1,50,ask,DiligentDonuts,FlawlessFlatbreads,6544984
2026-07-04T04:05:00.851134,2026-07-04T04:05:00.852788+00:00,140.3,45,bid,CostlyCorianders,EarnestEspressos,6544997
2026-07-04T04:05:01.921016,2026-07-04T04:05:01.931141+00:00,140.1,50,ask,DiligentDonuts,FlawlessFlatbreads,6545006
2026-07-04T04:05:02.686060,2026-07-04T04:05:02.697527+00:00,140.1,47,ask,EarnestEspressos,CostlyCorianders,6545016
2026-07-04T04:05:03.757942,2026-07-04T04:05:03.769524+00:00,140.1,40,ask,EarnestEspressos,CostlyCorianders,6545029
2026-07-04T04:05:03.835318,2026-07-04T04:05:03.843979+00:00,140.3,23,bid,Xuanyu Liu,DiligentDonuts,6545032
2026-07-04T04:05:04.027303,2026-07-04T04:05:04.039041+00:00,140.1,50,ask,EarnestEspressos,FlawlessFlatbreads,6545037
2026-07-04T04:05:04.861516,2026-07-04T04:05:04.870255+00:00,140.3,43,bid,CostlyCorianders,DiligentDonuts,6545052
2026-07-04T04:05:05.042452,2026-07-04T04:05:05.054358+00:00,140.2,3,bid,Xuanyu Liu,EarnestEspressos,6545059
2026-07-04T04:05:05.455921,2026-07-04T04:05:05.467619+00:00,140.2,46,bid,CostlyCorianders,EarnestEspressos,6545066
2026-07-04T04:05:06.119574,2026-07-04T04:05:06.129984+00:00,140.2,100,bid,DiligentDonuts,EarnestEspressos,6545079
2026-07-04T04:05:06.141096,2026-07-04T04:05:06.150490+00:00,139.7,50,ask,EarnestEspressos,FlawlessFlatbreads,6545080
2026-07-04T04:05:08.248641,2026-07-04T04:05:08.260451+00:00,140.2,50,ask,EarnestEspressos,FlawlessFlatbreads,6545115
2026-07-04T04:05:09.063823,2026-07-04T04:05:09.075718+00:00,140.2,46,ask,EarnestEspressos,CostlyCorianders,6545127
2026-07-04T04:05:10.355960,2026-07-04T04:05:10.367890+00:00,140.2,50,ask,EarnestEspressos,FlawlessFlatbreads,6545142
2026-07-04T04:05:11.869532,2026-07-04T04:05:11.881278+00:00,139.9,46,ask,DiligentDonuts,CostlyCorianders,6545163
2026-07-04T04:05:12.464374,2026-07-04T04:05:12.476035+00:00,139.9,50,ask,DiligentDonuts,FlawlessFlatbreads,6545170
2026-07-04T04:05:14.404392,2026-07-04T04:05:14.415769+00:00,140.4,45,bid,CostlyCorianders,DiligentDonuts,6545192
2026-07-04T04:05:14.571301,2026-07-04T04:05:14.582804+00:00,139.9,50,ask,DiligentDonuts,FlawlessFlatbreads,6545194
2026-07-04T04:05:14.649571,2026-07-04T04:05:14.657041+00:00,140.0,3,bid,Xuanyu Liu,EarnestEspressos,6545196
2026-07-04T04:05:16.678983,2026-07-04T04:05:16.690353+00:00,139.8,50,ask,DiligentDonuts,FlawlessFlatbreads,6545224
2026-07-04T04:05:17.271312,2026-07-04T04:05:17.278908+00:00,140.0,11,bid,Xuanyu Liu,EarnestEspressos,6545232
2026-07-04T04:05:20.842547,2026-07-04T04:05:20.854378+00:00,140.0,50,bid,FlawlessFlatbreads,DiligentDonuts,6545288
2026-07-04T04:05:21.246268,2026-07-04T04:05:21.258598+00:00,140.0,40,bid,CostlyCorianders,DiligentDonuts,6545294
2026-07-04T04:05:21.787765,2026-07-04T04:05:21.790220+00:00,140.0,10,bid,CostlyCorianders,DiligentDonuts,6545300
2026-07-04T04:05:22.294186,2026-07-04T04:05:22.305933+00:00,139.7,44,ask,EarnestEspressos,CostlyCorianders,6545304
2026-07-04T04:05:22.950973,2026-07-04T04:05:22.957310+00:00,140.2,50,bid,FlawlessFlatbreads,EarnestEspressos,6545313
2026-07-04T04:05:24.264203,2026-07-04T04:05:24.271109+00:00,139.8,45,ask,EarnestEspressos,CostlyCorianders,6545322
2026-07-04T04:05:25.066700,2026-07-04T04:05:25.075322+00:00,140.3,50,bid,FlawlessFlatbreads,EarnestEspressos,6545330
2026-07-04T04:05:26.944221,2026-07-04T04:05:26.963616+00:00,140.3,47,bid,CostlyCorianders,EarnestEspressos,6545362
2026-07-04T04:05:27.224179,2026-07-04T04:05:27.231788+00:00,139.9,50,ask,DiligentDonuts,FlawlessFlatbreads,6545365
2026-07-04T04:05:27.546402,2026-07-04T04:05:27.558027+00:00,140.4,43,bid,CostlyCorianders,DiligentDonuts,6545368
2026-07-04T04:05:29.335249,2026-07-04T04:05:29.346641+00:00,139.9,50,ask,EarnestEspressos,FlawlessFlatbreads,6545395
2026-07-04T04:05:29.759629,2026-07-04T04:05:29.771519+00:00,139.9,40,ask,EarnestEspressos,CostlyCorianders,6545398
2026-07-04T04:05:30.879189,2026-07-04T04:05:30.890580+00:00,140.1,42,bid,CostlyCorianders,EarnestEspressos,6545413
2026-07-04T04:05:30.932626,2026-07-04T04:05:30.943990+00:00,139.8,42,ask,DiligentDonuts,CostlyCorianders,6545415
2026-07-04T04:05:33.493812,2026-07-04T04:05:33.506577+00:00,140.0,50,bid,FlawlessFlatbreads,EarnestEspressos,6545448
2026-07-04T04:05:34.460794,2026-07-04T04:05:34.469104+00:00,140.0,47,bid,CostlyCorianders,EarnestEspressos,6545461
2026-07-04T04:05:35.603466,2026-07-04T04:05:35.610470+00:00,139.9,50,bid,FlawlessFlatbreads,DiligentDonuts,6545475
2026-07-04T04:05:36.530049,2026-07-04T04:05:36.545023+00:00,139.9,50,bid,EarnestEspressos,DiligentDonuts,6545486
2026-07-04T04:05:36.607419,2026-07-04T04:05:36.615041+00:00,139.9,14,ask,EarnestEspressos,Xuanyu Liu,6545489
2026-07-04T04:05:37.742458,2026-07-04T04:05:37.758564+00:00,140.4,50,bid,FlawlessFlatbreads,EarnestEspressos,6545503
2026-07-04T04:05:39.076646,2026-07-04T04:05:39.088109+00:00,139.9,44,ask,EarnestEspressos,CostlyCorianders,6545526
2026-07-04T04:05:39.713955,2026-07-04T04:05:39.722207+00:00,139.7,45,ask,DiligentDonuts,CostlyCorianders,6545535
2026-07-04T04:05:39.849369,2026-07-04T04:05:39.858559+00:00,140.0,50,bid,FlawlessFlatbreads,EarnestEspressos,6545539
2026-07-04T04:05:40.977974,2026-07-04T04:05:40.987435+00:00,139.5,100,ask,EarnestEspressos,DiligentDonuts,6545555
2026-07-04T04:05:41.970509,2026-07-04T04:05:41.985278+00:00,140.0,50,bid,FlawlessFlatbreads,EarnestEspressos,6545569
2026-07-04T04:05:42.000544,2026-07-04T04:05:42.011797+00:00,140.0,47,bid,CostlyCorianders,EarnestEspressos,6545570
2026-07-04T04:05:44.075792,2026-07-04T04:05:44.087510+00:00,139.9,50,bid,FlawlessFlatbreads,EarnestEspressos,6545605
2026-07-04T04:05:46.712032,2026-07-04T04:05:46.723920+00:00,139.9,42,bid,CostlyCorianders,DiligentDonuts,6545641
2026-07-04T04:05:48.297402,2026-07-04T04:05:48.303916+00:00,140.1,50,bid,FlawlessFlatbreads,EarnestEspressos,6545666
2026-07-04T04:05:48.710615,2026-07-04T04:05:48.717779+00:00,139.7,43,ask,DiligentDonuts,CostlyCorianders,6545670
2026-07-04T04:05:50.076998,2026-07-04T04:05:50.084906+00:00,139.7,14,ask,DiligentDonuts,Xuanyu Liu,6545685
2026-07-04T04:05:52.407822,2026-07-04T04:05:52.419186+00:00,139.7,41,bid,CostlyCorianders,DiligentDonuts,6545715
2026-07-04T04:05:52.462269,2026-07-04T04:05:52.473708+00:00,139.6,41,ask,EarnestEspressos,CostlyCorianders,6545716
2026-07-04T04:05:54.173326,2026-07-04T04:05:54.184916+00:00,139.9,41,bid,CostlyCorianders,DiligentDonuts,6545731
2026-07-04T04:05:54.616148,2026-07-04T04:05:54.625284+00:00,139.9,50,bid,FlawlessFlatbreads,DiligentDonuts,6545733
2026-07-04T04:05:54.707522,2026-07-04T04:05:54.719217+00:00,139.6,49,ask,EarnestEspressos,CostlyCorianders,6545735
2026-07-04T04:05:56.739163,2026-07-04T04:05:56.748627+00:00,139.7,50,bid,FlawlessFlatbreads,EarnestEspressos,6545767
2026-07-04T04:05:57.382078,2026-07-04T04:05:57.393647+00:00,139.6,49,ask,DiligentDonuts,CostlyCorianders,6545775
2026-07-04T04:05:58.896952,2026-07-04T04:05:58.905074+00:00,139.6,50,ask,DiligentDonuts,FlawlessFlatbreads,6545795
2026-07-04T04:06:01.002817,2026-07-04T04:06:01.013972+00:00,139.3,50,ask,EarnestEspressos,FlawlessFlatbreads,6545823
2026-07-04T04:06:02.302635,2026-07-04T04:06:02.314240+00:00,139.6,47,bid,CostlyCorianders,EarnestEspressos,6545840
2026-07-04T04:06:02.560926,2026-07-04T04:06:02.570128+00:00,139.6,14,bid,Xuanyu Liu,EarnestEspressos,6545843
2026-07-04T04:06:03.087307,2026-07-04T04:06:03.098953+00:00,139.6,89,bid,DiligentDonuts,EarnestEspressos,6545850
2026-07-04T04:06:03.108068,2026-07-04T04:06:03.119476+00:00,139.6,11,ask,DiligentDonuts,FlawlessFlatbreads,6545851
2026-07-04T04:06:03.108068,2026-07-04T04:06:03.119476+00:00,139.1,39,ask,EarnestEspressos,FlawlessFlatbreads,6545852
2026-07-04T04:06:05.216886,2026-07-04T04:06:05.224450+00:00,139.7,50,ask,EarnestEspressos,FlawlessFlatbreads,6545882
2026-07-04T04:06:05.932248,2026-07-04T04:06:05.943779+00:00,140.1,43,bid,CostlyCorianders,DiligentDonuts,6545887
2026-07-04T04:06:06.517717,2026-07-04T04:06:06.529273+00:00,139.7,48,ask,EarnestEspressos,CostlyCorianders,6545896
2026-07-04T04:06:07.061504,2026-07-04T04:06:07.072869+00:00,139.7,40,ask,EarnestEspressos,CostlyCorianders,6545901
2026-07-04T04:06:07.322649,2026-07-04T04:06:07.331314+00:00,139.7,12,ask,EarnestEspressos,FlawlessFlatbreads,6545908
2026-07-04T04:06:07.322649,2026-07-04T04:06:07.331314+00:00,139.4,38,ask,DiligentDonuts,FlawlessFlatbreads,6545909
2026-07-04T04:06:08.195503,2026-07-04T04:06:08.207322+00:00,139.9,45,bid,CostlyCorianders,DiligentDonuts,6545923
2026-07-04T04:06:09.429194,2026-07-04T04:06:09.440955+00:00,139.5,50,ask,DiligentDonuts,FlawlessFlatbreads,6545938
2026-07-04T04:06:11.076878,2026-07-04T04:06:11.082019+00:00,139.5,3,ask,DiligentDonuts,Xuanyu Liu,6545962
2026-07-04T04:06:11.536830,2026-07-04T04:06:11.548468+00:00,139.5,47,ask,DiligentDonuts,FlawlessFlatbreads,6545965
2026-07-04T04:06:11.536830,2026-07-04T04:06:11.548468+00:00,139.1,3,ask,EarnestEspressos,FlawlessFlatbreads,6545966
2026-07-04T04:06:12.635195,2026-07-04T04:06:12.639111+00:00,139.4,3,bid,Xuanyu Liu,DiligentDonuts,6545986
2026-07-04T04:06:13.645559,2026-07-04T04:06:13.657084+00:00,139.1,50,ask,EarnestEspressos,FlawlessFlatbreads,6545994
2026-07-04T04:06:15.130816,2026-07-04T04:06:15.142434+00:00,139.3,49,bid,CostlyCorianders,EarnestEspressos,6546010
2026-07-04T04:06:15.752533,2026-07-04T04:06:15.747035+00:00,139.1,50,ask,DiligentDonuts,FlawlessFlatbreads,6546021
2026-07-04T04:06:17.859868,2026-07-04T04:06:17.871355+00:00,139.1,50,ask,DiligentDonuts,FlawlessFlatbreads,6546047
2026-07-04T04:06:18.959376,2026-07-04T04:06:18.968120+00:00,139.0,3,bid,Xuanyu Liu,DiligentDonuts,6546053
2026-07-04T04:06:19.921980,2026-07-04T04:06:19.933481+00:00,138.9,40,ask,EarnestEspressos,CostlyCorianders,6546064
2026-07-04T04:06:21.482711,2026-07-04T04:06:21.493455+00:00,139.0,48,bid,CostlyCorianders,DiligentDonuts,6546082
2026-07-04T04:06:22.070970,2026-07-04T04:06:22.082369+00:00,138.6,50,ask,DiligentDonuts,FlawlessFlatbreads,6546090
2026-07-04T04:06:22.501524,2026-07-04T04:06:22.508844+00:00,138.6,45,ask,DiligentDonuts,CostlyCorianders,6546092
2026-07-04T04:06:24.177353,2026-07-04T04:06:24.188837+00:00,138.7,50,ask,EarnestEspressos,FlawlessFlatbreads,6546122
2026-07-04T04:06:24.998870,2026-07-04T04:06:25.010611+00:00,139.1,46,bid,CostlyCorianders,DiligentDonuts,6546131
2026-07-04T04:06:26.284498,2026-07-04T04:06:26.292475+00:00,138.7,50,ask,EarnestEspressos,FlawlessFlatbreads,6546149
2026-07-04T04:06:27.188995,2026-07-04T04:06:27.210021+00:00,138.7,100,ask,DiligentDonuts,EarnestEspressos,6546160
2026-07-04T04:06:27.201591,2026-07-04T04:06:27.210021+00:00,138.7,23,bid,Xuanyu Liu,EarnestEspressos,6546161
2026-07-04T04:06:28.393085,2026-07-04T04:06:28.404450+00:00,138.2,50,ask,EarnestEspressos,FlawlessFlatbreads,6546180
2026-07-04T04:06:30.454303,2026-07-04T04:06:30.468914+00:00,138.7,50,bid,FlawlessFlatbreads,DiligentDonuts,6546206
2026-07-04T04:06:32.562097,2026-07-04T04:06:32.573572+00:00,138.6,50,bid,FlawlessFlatbreads,DiligentDonuts,6546239
2026-07-04T04:06:33.324403,2026-07-04T04:06:33.331510+00:00,138.6,11,bid,Xuanyu Liu,DiligentDonuts,6546244
2026-07-04T04:06:34.721859,2026-07-04T04:06:34.732976+00:00,138.5,42,ask,EarnestEspressos,CostlyCorianders,6546255
2026-07-04T04:06:35.760925,2026-07-04T04:06:35.772399+00:00,138.9,41,bid,CostlyCorianders,DiligentDonuts,6546265
2026-07-04T04:06:36.882425,2026-07-04T04:06:36.894262+00:00,138.9,45,bid,CostlyCorianders,DiligentDonuts,6546278
2026-07-04T04:06:37.429049,2026-07-04T04:06:37.437341+00:00,138.9,14,bid,CostlyCorianders,DiligentDonuts,6546285
2026-07-04T04:06:37.429049,2026-07-04T04:06:37.442341+00:00,138.9,26,bid,CostlyCorianders,EarnestEspressos,6546286
2026-07-04T04:06:37.912711,2026-07-04T04:06:37.924297+00:00,138.8,41,ask,DiligentDonuts,CostlyCorianders,6546296
2026-07-04T04:06:38.859390,2026-07-04T04:06:38.866313+00:00,138.8,11,ask,DiligentDonuts,Xuanyu Liu,6546309
2026-07-04T04:06:43.097410,2026-07-04T04:06:43.104690+00:00,138.8,50,bid,FlawlessFlatbreads,EarnestEspressos,6546365
2026-07-04T04:06:45.204203,2026-07-04T04:06:45.215764+00:00,138.8,50,bid,FlawlessFlatbreads,EarnestEspressos,6546389
2026-07-04T04:06:47.377636,2026-07-04T04:06:47.385341+00:00,138.4,50,ask,EarnestEspressos,FlawlessFlatbreads,6546410
2026-07-04T04:06:49.152407,2026-07-04T04:06:49.166789+00:00,138.5,44,ask,DiligentDonuts,CostlyCorianders,6546432
2026-07-04T04:06:49.484245,2026-07-04T04:06:49.495941+00:00,138.7,50,ask,EarnestEspressos,FlawlessFlatbreads,6546441
2026-07-04T04:06:50.596977,2026-07-04T04:06:50.605121+00:00,138.7,100,ask,EarnestEspressos,DiligentDonuts,6546461
2026-07-04T04:06:51.561105,2026-07-04T04:06:51.573966+00:00,139.2,50,bid,FlawlessFlatbreads,EarnestEspressos,6546469
2026-07-04T04:06:53.667846,2026-07-04T04:06:53.679319+00:00,138.8,50,bid,FlawlessFlatbreads,EarnestEspressos,6546503
2026-07-04T04:06:53.857631,2026-07-04T04:06:53.869274+00:00,138.8,44,bid,CostlyCorianders,EarnestEspressos,6546506
2026-07-04T04:06:55.826180,2026-07-04T04:06:55.833577+00:00,138.4,50,ask,DiligentDonuts,FlawlessFlatbreads,6546531
2026-07-04T04:06:55.890253,2026-07-04T04:06:55.900991+00:00,138.4,12,ask,DiligentDonuts,Xuanyu Liu,6546534
2026-07-04T04:06:57.935390,2026-07-04T04:06:57.947594+00:00,138.1,50,ask,EarnestEspressos,FlawlessFlatbreads,6546562
2026-07-04T04:06:59.418097,2026-07-04T04:06:59.425314+00:00,138.1,44,ask,DiligentDonuts,CostlyCorianders,6546577
2026-07-04T04:07:00.042378,2026-07-04T04:07:00.053121+00:00,138.2,50,ask,DiligentDonuts,FlawlessFlatbreads,6546584
2026-07-04T04:07:00.960791,2026-07-04T04:07:00.972227+00:00,138.2,43,ask,DiligentDonuts,CostlyCorianders,6546596
2026-07-04T04:07:02.098049,2026-07-04T04:07:02.107387+00:00,138.5,50,bid,FlawlessFlatbreads,EarnestEspressos,6546614
2026-07-04T04:07:03.259623,2026-07-04T04:07:03.268701+00:00,138.2,12,bid,Xuanyu Liu,DiligentDonuts,6546629
2026-07-04T04:07:04.206293,2026-07-04T04:07:04.210330+00:00,138.2,50,bid,FlawlessFlatbreads,DiligentDonuts,6546645
2026-07-04T04:07:04.835901,2026-07-04T04:07:04.843358+00:00,138.2,11,bid,Xuanyu Liu,DiligentDonuts,6546653
2026-07-04T04:07:05.090997,2026-07-04T04:07:05.100914+00:00,138.2,27,bid,EarnestEspressos,DiligentDonuts,6546663
2026-07-04T04:07:06.327530,2026-07-04T04:07:06.334560+00:00,138.7,50,bid,FlawlessFlatbreads,EarnestEspressos,6546689
2026-07-04T04:07:08.433342,2026-07-04T04:07:08.445521+00:00,138.6,50,bid,FlawlessFlatbreads,DiligentDonuts,6546725
2026-07-04T04:07:09.130118,2026-07-04T04:07:09.143808+00:00,138.6,49,bid,CostlyCorianders,DiligentDonuts,6546739
2026-07-04T04:07:10.077132,2026-07-04T04:07:10.085017+00:00,138.3,11,ask,DiligentDonuts,Xuanyu Liu,6546748
2026-07-04T04:07:10.540655,2026-07-04T04:07:10.551502+00:00,138.7,50,bid,FlawlessFlatbreads,EarnestEspressos,6546765
2026-07-04T04:07:11.772839,2026-07-04T04:07:11.784221+00:00,138.8,49,bid,CostlyCorianders,DiligentDonuts,6546787
2026-07-04T04:07:12.646697,2026-07-04T04:07:12.654397+00:00,138.8,50,bid,FlawlessFlatbreads,EarnestEspressos,6546799
2026-07-04T04:07:14.602939,2026-07-04T04:07:14.611491+00:00,138.8,23,ask,EarnestEspressos,Xuanyu Liu,6546825
2026-07-04T04:07:14.752787,2026-07-04T04:07:14.756768+00:00,139.0,50,bid,FlawlessFlatbreads,DiligentDonuts,6546830
2026-07-04T04:07:15.321620,2026-07-04T04:07:15.330770+00:00,138.8,3,ask,EarnestEspressos,Xuanyu Liu,6546835
2026-07-04T04:07:16.859125,2026-07-04T04:07:16.870807+00:00,139.0,50,bid,FlawlessFlatbreads,DiligentDonuts,6546854
2026-07-04T04:07:17.087661,2026-07-04T04:07:17.099434+00:00,138.8,41,ask,EarnestEspressos,CostlyCorianders,6546861
2026-07-04T04:07:18.977068,2026-07-04T04:07:18.988703+00:00,138.9,50,bid,FlawlessFlatbreads,EarnestEspressos,6546875
2026-07-04T04:07:21.083027,2026-07-04T04:07:21.094773+00:00,139.1,50,bid,FlawlessFlatbreads,EarnestEspressos,6546910
2026-07-04T04:07:21.502382,2026-07-04T04:07:21.514144+00:00,138.8,48,ask,DiligentDonuts,CostlyCorianders,6546917
2026-07-04T04:07:24.634334,2026-07-04T04:07:24.644981+00:00,138.8,42,ask,EarnestEspressos,CostlyCorianders,6546958
2026-07-04T04:07:25.345952,2026-07-04T04:07:25.352244+00:00,138.8,50,ask,EarnestEspressos,FlawlessFlatbreads,6546968
2026-07-04T04:07:27.400607,2026-07-04T04:07:27.407531+00:00,138.8,50,bid,FlawlessFlatbreads,EarnestEspressos,6547000
2026-07-04T04:07:27.725644,2026-07-04T04:07:27.737133+00:00,138.8,49,bid,CostlyCorianders,EarnestEspressos,6547004
2026-07-04T04:07:29.302057,2026-07-04T04:07:29.313839+00:00,138.8,40,bid,CostlyCorianders,EarnestEspressos,6547019
2026-07-04T04:07:29.506400,2026-07-04T04:07:29.517999+00:00,138.8,11,bid,FlawlessFlatbreads,EarnestEspressos,6547023
2026-07-04T04:07:29.506400,2026-07-04T04:07:29.517999+00:00,139.0,39,bid,FlawlessFlatbreads,DiligentDonuts,6547024
2026-07-04T04:07:30.414335,2026-07-04T04:07:30.423516+00:00,139.0,61,bid,EarnestEspressos,DiligentDonuts,6547040
2026-07-04T04:07:30.477964,2026-07-04T04:07:30.485798+00:00,139.0,3,ask,EarnestEspressos,Xuanyu Liu,6547041
2026-07-04T04:07:30.970717,2026-07-04T04:07:30.979012+00:00,139.0,11,ask,EarnestEspressos,Xuanyu Liu,6547047
2026-07-04T04:07:31.615204,2026-07-04T04:07:31.625727+00:00,139.5,50,bid,FlawlessFlatbreads,EarnestEspressos,6547062
2026-07-04T04:07:32.224287,2026-07-04T04:07:32.236015+00:00,139.0,42,ask,EarnestEspressos,CostlyCorianders,6547068
2026-07-04T04:07:33.721729,2026-07-04T04:07:33.733322+00:00,139.1,50,bid,FlawlessFlatbreads,EarnestEspressos,6547091
2026-07-04T04:07:34.969952,2026-07-04T04:07:34.976755+00:00,138.7,46,ask,DiligentDonuts,CostlyCorianders,6547106
2026-07-04T04:07:35.593805,2026-07-04T04:07:35.600577+00:00,138.7,41,ask,DiligentDonuts,CostlyCorianders,6547113
2026-07-04T04:07:37.624286,2026-07-04T04:07:37.633341+00:00,138.7,12,ask,DiligentDonuts,Xuanyu Liu,6547144
2026-07-04T04:07:37.981743,2026-07-04T04:07:37.989176+00:00,138.7,50,ask,EarnestEspressos,FlawlessFlatbreads,6547149
2026-07-04T04:07:38.030837,2026-07-04T04:07:38.041875+00:00,138.7,100,ask,EarnestEspressos,DiligentDonuts,6547150
2026-07-04T04:07:40.004510,2026-07-04T04:07:40.009575+00:00,138.4,23,bid,Xuanyu Liu,EarnestEspressos,6547183
2026-07-04T04:07:41.697164,2026-07-04T04:07:41.703582+00:00,138.4,49,bid,CostlyCorianders,EarnestEspressos,6547210
2026-07-04T04:07:42.140478,2026-07-04T04:07:42.147262+00:00,138.4,50,bid,FlawlessFlatbreads,EarnestEspressos,6547217
2026-07-04T04:07:43.379551,2026-07-04T04:07:43.391079+00:00,138.7,44,bid,CostlyCorianders,DiligentDonuts,6547234
2026-07-04T04:07:44.258940,2026-07-04T04:07:44.302575+00:00,138.7,50,bid,FlawlessFlatbreads,DiligentDonuts,6547248
2026-07-04T04:07:44.341690,2026-07-04T04:07:44.350685+00:00,138.7,23,ask,DiligentDonuts,Xuanyu Liu,6547253
2026-07-04T04:07:46.365687,2026-07-04T04:07:46.377132+00:00,138.8,50,bid,FlawlessFlatbreads,EarnestEspressos,6547279
2026-07-04T04:07:48.473874,2026-07-04T04:07:48.490094+00:00,138.8,50,bid,FlawlessFlatbreads,EarnestEspressos,6547304
2026-07-04T04:07:50.586170,2026-07-04T04:07:50.594778+00:00,139.0,50,bid,FlawlessFlatbreads,DiligentDonuts,6547327
2026-07-04T04:07:50.659683,2026-07-04T04:07:50.667976+00:00,138.8,11,ask,DiligentDonuts,Xuanyu Liu,6547329
2026-07-04T04:07:50.910975,2026-07-04T04:07:50.920341+00:00,138.8,12,ask,DiligentDonuts,Xuanyu Liu,6547338
2026-07-04T04:07:51.374480,2026-07-04T04:07:51.382588+00:00,138.8,41,ask,DiligentDonuts,CostlyCorianders,6547352
2026-07-04T04:07:55.990169,2026-07-04T04:07:55.998388+00:00,138.8,11,ask,EarnestEspressos,Xuanyu Liu,6547424
2026-07-04T04:07:56.902582,2026-07-04T04:07:56.909359+00:00,139.0,50,bid,FlawlessFlatbreads,DiligentDonuts,6547432
2026-07-04T04:07:57.304078,2026-07-04T04:07:57.312400+00:00,138.8,11,ask,EarnestEspressos,Xuanyu Liu,6547445
2026-07-04T04:07:59.082488,2026-07-04T04:07:59.094088+00:00,138.5,50,ask,DiligentDonuts,FlawlessFlatbreads,6547468
2026-07-04T04:08:01.160370,2026-07-04T04:08:01.172009+00:00,138.4,46,ask,EarnestEspressos,CostlyCorianders,6547495
2026-07-04T04:08:01.190319,2026-07-04T04:08:01.202008+00:00,138.4,50,ask,EarnestEspressos,FlawlessFlatbreads,6547496
2026-07-04T04:08:02.112192,2026-07-04T04:08:02.123808+00:00,138.3,100,ask,DiligentDonuts,EarnestEspressos,6547512
2026-07-04T04:08:02.124992,2026-07-04T04:08:02.134018+00:00,138.3,22,bid,Xuanyu Liu,EarnestEspressos,6547513
2026-07-04T04:08:02.321016,2026-07-04T04:08:02.332575+00:00,138.3,28,bid,CostlyCorianders,EarnestEspressos,6547515
2026-07-04T04:08:02.321016,2026-07-04T04:08:02.332575+00:00,138.8,19,bid,CostlyCorianders,DiligentDonuts,6547516
2026-07-04T04:08:03.246004,2026-07-04T04:08:03.263613+00:00,138.8,50,bid,FlawlessFlatbreads,DiligentDonuts,6547523
2026-07-04T04:08:04.232998,2026-07-04T04:08:04.243174+00:00,138.7,42,bid,CostlyCorianders,DiligentDonuts,6547530
2026-07-04T04:08:05.404138,2026-07-04T04:08:05.415516+00:00,138.4,50,ask,EarnestEspressos,FlawlessFlatbreads,6547547
2026-07-04T04:08:07.509622,2026-07-04T04:08:07.518481+00:00,138.4,50,ask,EarnestEspressos,FlawlessFlatbreads,6547567
2026-07-04T04:08:08.108549,2026-07-04T04:08:08.119414+00:00,138.4,44,ask,EarnestEspressos,CostlyCorianders,6547579
2026-07-04T04:08:09.565252,2026-07-04T04:08:09.576770+00:00,138.4,50,bid,FlawlessFlatbreads,EarnestEspressos,6547602
2026-07-04T04:08:10.221432,2026-07-04T04:08:10.233018+00:00,138.3,42,ask,DiligentDonuts,CostlyCorianders,6547606
2026-07-04T04:08:10.746298,2026-07-04T04:08:10.756327+00:00,138.4,41,bid,CostlyCorianders,EarnestEspressos,6547617
2026-07-04T04:08:12.858555,2026-07-04T04:08:12.870080+00:00,138.2,49,ask,EarnestEspressos,CostlyCorianders,6547647
2026-07-04T04:08:17.980159,2026-07-04T04:08:17.991890+00:00,138.7,50,bid,FlawlessFlatbreads,DiligentDonuts,6547715
2026-07-04T04:08:18.772675,2026-07-04T04:08:18.789536+00:00,138.7,40,bid,CostlyCorianders,DiligentDonuts,6547731
2026-07-04T04:08:20.087846,2026-07-04T04:08:20.094350+00:00,138.7,50,bid,FlawlessFlatbreads,EarnestEspressos,6547748
2026-07-04T04:08:20.300697,2026-07-04T04:08:20.312458+00:00,138.7,42,bid,CostlyCorianders,EarnestEspressos,6547752
2026-07-04T04:08:20.355846,2026-07-04T04:08:20.367512+00:00,138.3,46,ask,DiligentDonuts,CostlyCorianders,6547755
2026-07-04T04:08:21.901564,2026-07-04T04:08:21.913050+00:00,138.4,43,ask,EarnestEspressos,CostlyCorianders,6547779
2026-07-04T04:08:22.247769,2026-07-04T04:08:22.263683+00:00,138.4,50,ask,EarnestEspressos,FlawlessFlatbreads,6547786
2026-07-04T04:08:22.482383,2026-07-04T04:08:22.494142+00:00,138.8,42,bid,CostlyCorianders,DiligentDonuts,6547789
2026-07-04T04:08:22.957290,2026-07-04T04:08:22.968988+00:00,138.4,46,ask,EarnestEspressos,CostlyCorianders,6547795
2026-07-04T04:08:23.572239,2026-07-04T04:08:23.583769+00:00,138.8,48,bid,CostlyCorianders,DiligentDonuts,6547802
2026-07-04T04:08:24.353090,2026-07-04T04:08:24.364484+00:00,138.3,50,ask,DiligentDonuts,FlawlessFlatbreads,6547812
2026-07-04T04:08:26.460312,2026-07-04T04:08:26.471949+00:00,138.3,50,ask,DiligentDonuts,FlawlessFlatbreads,6547838
2026-07-04T04:08:26.685544,2026-07-04T04:08:26.695357+00:00,138.3,44,ask,DiligentDonuts,CostlyCorianders,6547841
2026-07-04T04:08:31.517724,2026-07-04T04:08:31.531673+00:00,138.4,46,bid,CostlyCorianders,DiligentDonuts,6547909
2026-07-04T04:08:32.736294,2026-07-04T04:08:32.772608+00:00,138.3,40,ask,DiligentDonuts,CostlyCorianders,6547929
2026-07-04T04:08:32.754198,2026-07-04T04:08:32.772608+00:00,138.4,12,bid,Xuanyu Liu,EarnestEspressos,6547932
2026-07-04T04:08:32.792820,2026-07-04T04:08:32.803453+00:00,138.3,50,ask,DiligentDonuts,FlawlessFlatbreads,6547936
2026-07-04T04:08:34.899495,2026-07-04T04:08:34.907750+00:00,138.1,50,ask,EarnestEspressos,FlawlessFlatbreads,6547969
2026-07-04T04:08:36.792256,2026-07-04T04:08:36.803577+00:00,138.6,46,bid,CostlyCorianders,EarnestEspressos,6547999
2026-07-04T04:08:37.004818,2026-07-04T04:08:37.016519+00:00,138.1,50,ask,DiligentDonuts,FlawlessFlatbreads,6548004
2026-07-04T04:08:38.246694,2026-07-04T04:08:38.258560+00:00,138.4,44,bid,CostlyCorianders,DiligentDonuts,6548019
2026-07-04T04:08:38.807625,2026-07-04T04:08:38.819212+00:00,138.0,47,ask,EarnestEspressos,CostlyCorianders,6548031
2026-07-04T04:08:39.112555,2026-07-04T04:08:39.124036+00:00,138.0,50,ask,EarnestEspressos,FlawlessFlatbreads,6548033
2026-07-04T04:08:40.087811,2026-07-04T04:08:40.095787+00:00,138.0,34,bid,Xuanyu Liu,EarnestEspressos,6548051
2026-07-04T04:08:40.353981,2026-07-04T04:08:40.365795+00:00,138.0,45,bid,CostlyCorianders,EarnestEspressos,6548056
2026-07-04T04:08:40.893574,2026-07-04T04:08:40.905600+00:00,138.0,45,bid,CostlyCorianders,EarnestEspressos,6548060
2026-07-04T04:08:41.168246,2026-07-04T04:08:41.179251+00:00,138.0,26,bid,FlawlessFlatbreads,EarnestEspressos,6548065
2026-07-04T04:08:41.988311,2026-07-04T04:08:42.000051+00:00,137.7,40,ask,DiligentDonuts,CostlyCorianders,6548075
2026-07-04T04:08:43.247040,2026-07-04T04:08:43.254298+00:00,138.1,11,ask,EarnestEspressos,Xuanyu Liu,6548087
2026-07-04T04:08:43.325394,2026-07-04T04:08:43.334156+00:00,138.1,50,ask,EarnestEspressos,FlawlessFlatbreads,6548091
2026-07-04T04:08:43.630864,2026-07-04T04:08:43.639462+00:00,138.1,12,ask,EarnestEspressos,Xuanyu Liu,6548098
2026-07-04T04:08:44.013973,2026-07-04T04:08:44.025719+00:00,138.1,42,ask,EarnestEspressos,CostlyCorianders,6548101
2026-07-04T04:08:44.498972,2026-07-04T04:08:44.510507+00:00,138.1,35,ask,EarnestEspressos,DiligentDonuts,6548107
2026-07-04T04:08:45.379768,2026-07-04T04:08:45.391576+00:00,138.1,50,bid,FlawlessFlatbreads,DiligentDonuts,6548122
2026-07-04T04:08:46.408860,2026-07-04T04:08:46.417043+00:00,137.9,12,bid,Xuanyu Liu,EarnestEspressos,6548139
2026-07-04T04:08:47.178414,2026-07-04T04:08:47.186186+00:00,137.9,14,bid,Xuanyu Liu,EarnestEspressos,6548150
2026-07-04T04:08:47.264462,2026-07-04T04:08:47.274321+00:00,137.9,43,bid,CostlyCorianders,EarnestEspressos,6548152
2026-07-04T04:08:47.486515,2026-07-04T04:08:47.498207+00:00,137.9,50,bid,FlawlessFlatbreads,EarnestEspressos,6548154
2026-07-04T04:08:47.611359,2026-07-04T04:08:47.622842+00:00,137.9,31,bid,DiligentDonuts,EarnestEspressos,6548155
2026-07-04T04:08:47.677243,2026-07-04T04:08:47.685495+00:00,138.1,3,ask,DiligentDonuts,Xuanyu Liu,6548157
2026-07-04T04:08:48.297086,2026-07-04T04:08:48.308503+00:00,138.1,46,ask,DiligentDonuts,CostlyCorianders,6548167
2026-07-04T04:08:48.816789,2026-07-04T04:08:48.828240+00:00,138.6,41,bid,CostlyCorianders,DiligentDonuts,6548169
2026-07-04T04:08:49.814409,2026-07-04T04:08:49.822643+00:00,138.2,11,ask,EarnestEspressos,Xuanyu Liu,6548179
2026-07-04T04:08:52.323488,2026-07-04T04:08:52.333492+00:00,138.2,43,ask,EarnestEspressos,CostlyCorianders,6548210
2026-07-04T04:08:53.819117,2026-07-04T04:08:53.828380+00:00,138.4,50,bid,FlawlessFlatbreads,DiligentDonuts,6548228
2026-07-04T04:08:53.953742,2026-07-04T04:08:53.965386+00:00,138.1,47,ask,DiligentDonuts,CostlyCorianders,6548231
2026-07-04T04:08:55.937039,2026-07-04T04:08:55.948495+00:00,138.4,50,bid,FlawlessFlatbreads,EarnestEspressos,6548261
2026-07-04T04:08:56.374873,2026-07-04T04:08:56.382693+00:00,138.1,12,ask,DiligentDonuts,Xuanyu Liu,6548270
2026-07-04T04:08:58.043922,2026-07-04T04:08:58.050596+00:00,138.2,50,bid,FlawlessFlatbreads,DiligentDonuts,6548308
2026-07-04T04:08:58.611817,2026-07-04T04:08:58.618728+00:00,138.2,48,bid,CostlyCorianders,DiligentDonuts,6548311
2026-07-04T04:09:00.178356,2026-07-04T04:09:00.190038+00:00,138.2,2,bid,FlawlessFlatbreads,DiligentDonuts,6548327
2026-07-04T04:09:02.286153,2026-07-04T04:09:02.297928+00:00,138.2,50,bid,FlawlessFlatbreads,EarnestEspressos,6548352
2026-07-04T04:09:04.246831,2026-07-04T04:09:04.254748+00:00,138.0,11,ask,DiligentDonuts,Xuanyu Liu,6548380
2026-07-04T04:09:05.324881,2026-07-04T04:09:05.331144+00:00,138.0,43,ask,DiligentDonuts,CostlyCorianders,6548391
2026-07-04T04:09:06.586465,2026-07-04T04:09:06.596103+00:00,137.9,50,ask,EarnestEspressos,FlawlessFlatbreads,6548410
2026-07-04T04:09:08.691831,2026-07-04T04:09:08.703532+00:00,137.8,50,ask,EarnestEspressos,FlawlessFlatbreads,6548434
2026-07-04T04:09:10.234577,2026-07-04T04:09:10.243435+00:00,138.2,46,bid,CostlyCorianders,DiligentDonuts,6548447
2026-07-04T04:09:10.802803,2026-07-04T04:09:10.811663+00:00,137.8,50,ask,EarnestEspressos,FlawlessFlatbreads,6548455
2026-07-04T04:09:11.255843,2026-07-04T04:09:11.264127+00:00,138.2,44,bid,CostlyCorianders,DiligentDonuts,6548469
2026-07-04T04:09:11.310223,2026-07-04T04:09:11.320782+00:00,137.8,42,ask,EarnestEspressos,CostlyCorianders,6548472
2026-07-04T04:09:11.719565,2026-07-04T04:09:11.727920+00:00,137.9,23,bid,Xuanyu Liu,EarnestEspressos,6548479
2026-07-04T04:09:11.954151,2026-07-04T04:09:11.963653+00:00,137.9,45,bid,CostlyCorianders,EarnestEspressos,6548482
2026-07-04T04:09:12.909511,2026-07-04T04:09:12.920860+00:00,137.4,50,ask,EarnestEspressos,FlawlessFlatbreads,6548492
2026-07-04T04:09:12.911829,2026-07-04T04:09:12.920860+00:00,137.9,82,bid,DiligentDonuts,EarnestEspressos,6548493
2026-07-04T04:09:12.977339,2026-07-04T04:09:12.984476+00:00,137.9,12,ask,DiligentDonuts,Xuanyu Liu,6548494
2026-07-04T04:09:13.039428,2026-07-04T04:09:13.050827+00:00,137.9,6,ask,DiligentDonuts,CostlyCorianders,6548496
2026-07-04T04:09:13.039428,2026-07-04T04:09:13.050827+00:00,137.4,43,ask,EarnestEspressos,CostlyCorianders,6548497
2026-07-04T04:09:15.015840,2026-07-04T04:09:15.027448+00:00,137.5,50,ask,EarnestEspressos,FlawlessFlatbreads,6548525
2026-07-04T04:09:15.800877,2026-07-04T04:09:15.812691+00:00,138.0,44,bid,CostlyCorianders,EarnestEspressos,6548539
2026-07-04T04:09:16.436826,2026-07-04T04:09:16.448693+00:00,137.8,40,ask,DiligentDonuts,CostlyCorianders,6548544
2026-07-04T04:09:18.035673,2026-07-04T04:09:18.045964+00:00,137.8,60,ask,DiligentDonuts,EarnestEspressos,6548567
2026-07-04T04:09:18.952642,2026-07-04T04:09:18.964100+00:00,137.8,43,bid,CostlyCorianders,EarnestEspressos,6548580
2026-07-04T04:09:19.227692,2026-07-04T04:09:19.239099+00:00,137.3,50,ask,EarnestEspressos,FlawlessFlatbreads,6548583
2026-07-04T04:09:21.336953,2026-07-04T04:09:21.347218+00:00,137.3,50,ask,EarnestEspressos,FlawlessFlatbreads,6548621
2026-07-04T04:09:23.445420,2026-07-04T04:09:23.452842+00:00,137.3,50,ask,EarnestEspressos,FlawlessFlatbreads,6548645
2026-07-04T04:09:24.372249,2026-07-04T04:09:24.380416+00:00,137.5,12,bid,Xuanyu Liu,EarnestEspressos,6548657
2026-07-04T04:09:24.680724,2026-07-04T04:09:24.687599+00:00,137.1,45,ask,DiligentDonuts,CostlyCorianders,6548661
2026-07-04T04:09:25.305029,2026-07-04T04:09:25.316485+00:00,137.5,48,bid,CostlyCorianders,EarnestEspressos,6548672
2026-07-04T04:09:25.552027,2026-07-04T04:09:25.558417+00:00,137.0,50,ask,EarnestEspressos,FlawlessFlatbreads,6548681
2026-07-04T04:09:25.775324,2026-07-04T04:09:25.787091+00:00,137.0,46,ask,EarnestEspressos,CostlyCorianders,6548682
2026-07-04T04:09:27.537336,2026-07-04T04:09:27.545682+00:00,137.4,11,bid,Xuanyu Liu,EarnestEspressos,6548694
2026-07-04T04:09:27.658288,2026-07-04T04:09:27.670074+00:00,137.0,50,ask,DiligentDonuts,FlawlessFlatbreads,6548697
2026-07-04T04:09:29.241029,2026-07-04T04:09:29.248770+00:00,137.2,3,bid,Xuanyu Liu,DiligentDonuts,6548717
2026-07-04T04:09:29.765879,2026-07-04T04:09:29.777299+00:00,136.9,50,ask,EarnestEspressos,FlawlessFlatbreads,6548723
2026-07-04T04:09:31.875337,2026-07-04T04:09:31.886748+00:00,136.6,50,ask,EarnestEspressos,FlawlessFlatbreads,6548748
2026-07-04T04:09:31.926741,2026-07-04T04:09:31.938244+00:00,137.1,47,bid,CostlyCorianders,EarnestEspressos,6548750
2026-07-04T04:09:32.583445,2026-07-04T04:09:32.595153+00:00,136.8,47,ask,DiligentDonuts,CostlyCorianders,6548760
2026-07-04T04:09:33.981178,2026-07-04T04:09:33.992798+00:00,136.8,50,ask,DiligentDonuts,FlawlessFlatbreads,6548770
2026-07-04T04:09:35.796431,2026-07-04T04:09:35.803844+00:00,136.8,26,bid,Xuanyu Liu,DiligentDonuts,6548800
2026-07-04T04:09:36.088058,2026-07-04T04:09:36.099826+00:00,136.5,50,ask,EarnestEspressos,FlawlessFlatbreads,6548802
2026-07-04T04:09:36.184485,2026-07-04T04:09:36.192815+00:00,136.8,45,bid,CostlyCorianders,DiligentDonuts,6548806
2026-07-04T04:09:38.197362,2026-07-04T04:09:38.208986+00:00,136.6,50,ask,EarnestEspressos,FlawlessFlatbreads,6548824
2026-07-04T04:09:40.171859,2026-07-04T04:09:40.183695+00:00,136.6,100,ask,DiligentDonuts,EarnestEspressos,6548849
2026-07-04T04:09:40.304790,2026-07-04T04:09:40.316573+00:00,136.1,50,ask,EarnestEspressos,FlawlessFlatbreads,6548851
2026-07-04T04:09:42.413627,2026-07-04T04:09:42.424454+00:00,136.2,50,ask,DiligentDonuts,FlawlessFlatbreads,6548881
2026-07-04T04:09:44.470083,2026-07-04T04:09:44.478858+00:00,136.7,50,bid,FlawlessFlatbreads,DiligentDonuts,6548907
2026-07-04T04:09:46.320060,2026-07-04T04:09:46.331584+00:00,136.6,48,bid,CostlyCorianders,DiligentDonuts,6548936
2026-07-04T04:09:46.904680,2026-07-04T04:09:46.916357+00:00,136.1,44,ask,DiligentDonuts,CostlyCorianders,6548943
2026-07-04T04:09:48.729778,2026-07-04T04:09:48.741143+00:00,136.1,50,ask,EarnestEspressos,FlawlessFlatbreads,6548975
2026-07-04T04:09:49.042359,2026-07-04T04:09:49.049255+00:00,136.6,44,bid,CostlyCorianders,EarnestEspressos,6548985
2026-07-04T04:09:50.608266,2026-07-04T04:09:50.619775+00:00,136.4,40,bid,CostlyCorianders,EarnestEspressos,6549002
2026-07-04T04:09:50.851165,2026-07-04T04:09:50.858549+00:00,135.9,50,ask,EarnestEspressos,FlawlessFlatbreads,6549007
2026-07-04T04:09:54.135054,2026-07-04T04:09:54.142063+00:00,136.4,11,bid,Xuanyu Liu,EarnestEspressos,6549051
2026-07-04T04:09:56.687015,2026-07-04T04:09:56.698487+00:00,136.1,43,ask,DiligentDonuts,CostlyCorianders,6549092
2026-07-04T04:09:57.181967,2026-07-04T04:09:57.190596+00:00,135.9,50,ask,EarnestEspressos,FlawlessFlatbreads,6549098
2026-07-04T04:09:57.204206,2026-07-04T04:09:57.212765+00:00,136.4,40,bid,CostlyCorianders,EarnestEspressos,6549100
2026-07-04T04:09:59.313918,2026-07-04T04:09:59.325921+00:00,135.8,50,ask,EarnestEspressos,FlawlessFlatbreads,6549123
2026-07-04T04:10:01.422057,2026-07-04T04:10:01.433619+00:00,135.8,50,ask,EarnestEspressos,FlawlessFlatbreads,6549158
2026-07-04T04:10:02.333637,2026-07-04T04:10:02.341338+00:00,135.9,23,bid,Xuanyu Liu,EarnestEspressos,6549172
2026-07-04T04:10:03.345336,2026-07-04T04:10:03.354133+00:00,135.9,11,bid,Xuanyu Liu,EarnestEspressos,6549181
2026-07-04T04:10:03.535205,2026-07-04T04:10:03.543465+00:00,135.8,50,ask,DiligentDonuts,FlawlessFlatbreads,6549186
2026-07-04T04:10:05.590115,2026-07-04T04:10:05.599680+00:00,136.1,50,bid,FlawlessFlatbreads,EarnestEspressos,6549207
2026-07-04T04:10:06.212301,2026-07-04T04:10:06.223972+00:00,135.8,48,ask,DiligentDonuts,CostlyCorianders,6549218
2026-07-04T04:10:06.718422,2026-07-04T04:10:06.727686+00:00,136.1,45,bid,CostlyCorianders,EarnestEspressos,6549225
2026-07-04T04:10:07.697378,2026-07-04T04:10:07.709174+00:00,136.0,50,bid,FlawlessFlatbreads,DiligentDonuts,6549237
2026-07-04T04:10:09.863286,2026-07-04T04:10:09.871852+00:00,135.9,50,ask,EarnestEspressos,FlawlessFlatbreads,6549265
2026-07-04T04:10:10.836889,2026-07-04T04:10:10.843956+00:00,135.9,11,ask,EarnestEspressos,Xuanyu Liu,6549279
2026-07-04T04:10:11.209336,2026-07-04T04:10:11.220819+00:00,135.9,48,ask,EarnestEspressos,CostlyCorianders,6549282
2026-07-04T04:10:11.919654,2026-07-04T04:10:11.931246+00:00,135.9,50,bid,FlawlessFlatbreads,EarnestEspressos,6549292
2026-07-04T04:10:14.025239,2026-07-04T04:10:14.036677+00:00,135.9,50,bid,FlawlessFlatbreads,EarnestEspressos,6549320
2026-07-04T04:10:14.461947,2026-07-04T04:10:14.472096+00:00,135.9,11,bid,Xuanyu Liu,EarnestEspressos,6549328
2026-07-04T04:10:14.922750,2026-07-04T04:10:14.924142+00:00,136.0,100,bid,EarnestEspressos,DiligentDonuts,6549332
2026-07-04T04:10:16.131091,2026-07-04T04:10:16.138687+00:00,136.5,50,bid,FlawlessFlatbreads,EarnestEspressos,6549342
2026-07-04T04:10:17.753484,2026-07-04T04:10:17.762614+00:00,136.1,11,ask,DiligentDonuts,Xuanyu Liu,6549357
2026-07-04T04:10:18.127724,2026-07-04T04:10:18.139377+00:00,136.1,44,ask,DiligentDonuts,CostlyCorianders,6549371
2026-07-04T04:10:18.260342,2026-07-04T04:10:18.271950+00:00,136.3,50,bid,FlawlessFlatbreads,EarnestEspressos,6549374
2026-07-04T04:10:20.367096,2026-07-04T04:10:20.374269+00:00,136.3,50,bid,FlawlessFlatbreads,EarnestEspressos,6549397
2026-07-04T04:10:21.259520,2026-07-04T04:10:21.268072+00:00,136.2,11,ask,EarnestEspressos,Xuanyu Liu,6549409
2026-07-04T04:10:21.711726,2026-07-04T04:10:21.719571+00:00,136.2,12,ask,EarnestEspressos,Xuanyu Liu,6549418
2026-07-04T04:10:22.473765,2026-07-04T04:10:22.485357+00:00,136.7,50,bid,FlawlessFlatbreads,EarnestEspressos,6549426
2026-07-04T04:10:22.540622,2026-07-04T04:10:22.547201+00:00,136.2,100,ask,EarnestEspressos,DiligentDonuts,6549428
2026-07-04T04:10:22.812815,2026-07-04T04:10:22.824837+00:00,136.7,40,bid,CostlyCorianders,EarnestEspressos,6549431
2026-07-04T04:10:24.321860,2026-07-04T04:10:24.329709+00:00,136.2,11,ask,EarnestEspressos,Xuanyu Liu,6549455
2026-07-04T04:10:24.579566,2026-07-04T04:10:24.591176+00:00,136.3,50,bid,FlawlessFlatbreads,EarnestEspressos,6549460
2026-07-04T04:10:24.845603,2026-07-04T04:10:24.858613+00:00,136.3,42,bid,CostlyCorianders,EarnestEspressos,6549465
2026-07-04T04:10:25.475761,2026-07-04T04:10:25.483315+00:00,135.8,45,ask,EarnestEspressos,CostlyCorianders,6549471
2026-07-04T04:10:25.629320,2026-07-04T04:10:25.637847+00:00,136.3,11,bid,Xuanyu Liu,EarnestEspressos,6549475
2026-07-04T04:10:26.016835,2026-07-04T04:10:26.028319+00:00,136.3,40,bid,CostlyCorianders,EarnestEspressos,6549488
2026-07-04T04:10:26.702255,2026-07-04T04:10:26.714330+00:00,136.3,7,bid,FlawlessFlatbreads,EarnestEspressos,6549495
2026-07-04T04:10:26.702255,2026-07-04T04:10:26.714330+00:00,136.5,43,bid,FlawlessFlatbreads,DiligentDonuts,6549496
2026-07-04T04:10:27.564806,2026-07-04T04:10:27.571578+00:00,136.5,57,bid,EarnestEspressos,DiligentDonuts,6549516
2026-07-04T04:10:27.638021,2026-07-04T04:10:27.646109+00:00,136.6,23,ask,EarnestEspressos,Xuanyu Liu,6549521
2026-07-04T04:10:28.813169,2026-07-04T04:10:28.815015+00:00,137.1,50,bid,FlawlessFlatbreads,EarnestEspressos,6549537
2026-07-04T04:10:30.622817,2026-07-04T04:10:30.634342+00:00,136.7,42,ask,DiligentDonuts,CostlyCorianders,6549562
2026-07-04T04:10:30.919157,2026-07-04T04:10:30.930659+00:00,136.9,50,bid,FlawlessFlatbreads,EarnestEspressos,6549566
2026-07-04T04:10:32.624869,2026-07-04T04:10:32.636426+00:00,136.9,43,bid,CostlyCorianders,EarnestEspressos,6549591
2026-07-04T04:10:32.679384,2026-07-04T04:10:32.691166+00:00,136.5,48,ask,DiligentDonuts,CostlyCorianders,6549592
2026-07-04T04:10:33.025777,2026-07-04T04:10:33.036899+00:00,136.9,50,bid,FlawlessFlatbreads,EarnestEspressos,6549593
2026-07-04T04:10:33.222709,2026-07-04T04:10:33.234620+00:00,136.9,7,bid,CostlyCorianders,EarnestEspressos,6549600
2026-07-04T04:10:33.222709,2026-07-04T04:10:33.234620+00:00,137.0,41,bid,CostlyCorianders,DiligentDonuts,6549601
2026-07-04T04:10:33.279480,2026-07-04T04:10:33.290981+00:00,136.5,42,ask,DiligentDonuts,CostlyCorianders,6549603
2026-07-04T04:10:33.894705,2026-07-04T04:10:33.901878+00:00,137.0,59,bid,EarnestEspressos,DiligentDonuts,6549612
2026-07-04T04:10:33.959557,2026-07-04T04:10:33.968897+00:00,137.1,14,ask,EarnestEspressos,Xuanyu Liu,6549613
2026-07-04T04:10:37.239579,2026-07-04T04:10:37.248190+00:00,137.4,50,bid,FlawlessFlatbreads,DiligentDonuts,6549655
2026-07-04T04:10:39.346169,2026-07-04T04:10:39.358586+00:00,137.3,50,bid,FlawlessFlatbreads,DiligentDonuts,6549677
2026-07-04T04:10:39.522387,2026-07-04T04:10:39.533810+00:00,137.2,44,ask,EarnestEspressos,CostlyCorianders,6549686
2026-07-04T04:10:40.219333,2026-07-04T04:10:40.240867+00:00,137.3,50,bid,EarnestEspressos,DiligentDonuts,6549698
2026-07-04T04:10:41.079867,2026-07-04T04:10:41.091484+00:00,137.8,44,bid,CostlyCorianders,EarnestEspressos,6549713
2026-07-04T04:10:41.455482,2026-07-04T04:10:41.451312+00:00,137.8,50,bid,FlawlessFlatbreads,EarnestEspressos,6549723
2026-07-04T04:10:43.612033,2026-07-04T04:10:43.623467+00:00,137.5,50,ask,EarnestEspressos,FlawlessFlatbreads,6549758
2026-07-04T04:10:45.302061,2026-07-04T04:10:45.309802+00:00,137.5,3,ask,EarnestEspressos,Xuanyu Liu,6549782
2026-07-04T04:10:45.718522,2026-07-04T04:10:45.730061+00:00,137.5,50,ask,EarnestEspressos,FlawlessFlatbreads,6549787
2026-07-04T04:10:46.621171,2026-07-04T04:10:46.629285+00:00,137.4,3,bid,Xuanyu Liu,EarnestEspressos,6549798
2026-07-04T04:10:47.827433,2026-07-04T04:10:47.839319+00:00,136.9,50,ask,EarnestEspressos,FlawlessFlatbreads,6549816
2026-07-04T04:10:47.836763,2026-07-04T04:10:47.844440+00:00,137.4,100,bid,DiligentDonuts,EarnestEspressos,6549817
2026-07-04T04:10:48.200708,2026-07-04T04:10:48.212390+00:00,136.9,48,ask,EarnestEspressos,CostlyCorianders,6549823
2026-07-04T04:10:52.037484,2026-07-04T04:10:52.049081+00:00,137.2,50,ask,EarnestEspressos,FlawlessFlatbreads,6549877
2026-07-04T04:10:54.091615,2026-07-04T04:10:54.103046+00:00,137.4,50,bid,FlawlessFlatbreads,EarnestEspressos,6549897
2026-07-04T04:10:56.252241,2026-07-04T04:10:56.259585+00:00,137.1,50,ask,DiligentDonuts,FlawlessFlatbreads,6549934
2026-07-04T04:10:56.990947,2026-07-04T04:10:57.002833+00:00,137.6,47,bid,CostlyCorianders,DiligentDonuts,6549941
2026-07-04T04:10:58.359668,2026-07-04T04:10:58.370967+00:00,137.1,50,ask,EarnestEspressos,FlawlessFlatbreads,6549965
2026-07-04T04:11:00.468515,2026-07-04T04:11:00.478664+00:00,137.0,50,ask,EarnestEspressos,FlawlessFlatbreads,6550004
2026-07-04T04:11:02.600257,2026-07-04T04:11:02.612105+00:00,137.4,48,bid,CostlyCorianders,EarnestEspressos,6550033
2026-07-04T04:11:04.641013,2026-07-04T04:11:04.650812+00:00,137.4,50,bid,FlawlessFlatbreads,EarnestEspressos,6550066
2026-07-04T04:11:05.146211,2026-07-04T04:11:05.158559+00:00,137.3,46,ask,DiligentDonuts,CostlyCorianders,6550077
2026-07-04T04:11:06.798758,2026-07-04T04:11:06.805426+00:00,137.2,50,ask,EarnestEspressos,FlawlessFlatbreads,6550098
2026-07-04T04:11:11.018295,2026-07-04T04:11:11.027253+00:00,137.1,50,ask,EarnestEspressos,FlawlessFlatbreads,6550152
2026-07-04T04:11:11.516803,2026-07-04T04:11:11.523996+00:00,137.1,40,ask,EarnestEspressos,CostlyCorianders,6550158
2026-07-04T04:11:11.904506,2026-07-04T04:11:11.925655+00:00,137.1,100,ask,DiligentDonuts,EarnestEspressos,6550162
2026-07-04T04:11:11.917089,2026-07-04T04:11:11.925655+00:00,137.1,14,bid,Xuanyu Liu,EarnestEspressos,6550163
2026-07-04T04:11:12.078811,2026-07-04T04:11:12.163838+00:00,137.1,36,bid,CostlyCorianders,EarnestEspressos,6550167
2026-07-04T04:11:12.078811,2026-07-04T04:11:12.163838+00:00,137.6,7,bid,CostlyCorianders,DiligentDonuts,6550168
2026-07-04T04:11:13.652664,2026-07-04T04:11:13.664343+00:00,137.3,45,bid,CostlyCorianders,DiligentDonuts,6550183
2026-07-04T04:11:13.707115,2026-07-04T04:11:13.713610+00:00,136.8,40,ask,DiligentDonuts,CostlyCorianders,6550184
2026-07-04T04:11:14.609242,2026-07-04T04:11:14.620901+00:00,136.8,45,ask,DiligentDonuts,CostlyCorianders,6550200
2026-07-04T04:11:15.012742,2026-07-04T04:11:15.024563+00:00,137.3,55,bid,EarnestEspressos,DiligentDonuts,6550204
2026-07-04T04:11:15.070329,2026-07-04T04:11:15.080028+00:00,137.8,41,bid,CostlyCorianders,EarnestEspressos,6550206
2026-07-04T04:11:15.262385,2026-07-04T04:11:15.273929+00:00,137.3,50,ask,EarnestEspressos,FlawlessFlatbreads,6550207
2026-07-04T04:11:15.470211,2026-07-04T04:11:15.477089+00:00,137.3,11,ask,EarnestEspressos,Xuanyu Liu,6550211
2026-07-04T04:11:16.139399,2026-07-04T04:11:16.146236+00:00,137.3,3,ask,EarnestEspressos,Xuanyu Liu,6550221
2026-07-04T04:11:16.369891,2026-07-04T04:11:16.380299+00:00,137.3,31,ask,EarnestEspressos,DiligentDonuts,6550227
2026-07-04T04:11:17.399147,2026-07-04T04:11:17.408141+00:00,136.7,50,ask,DiligentDonuts,FlawlessFlatbreads,6550241
2026-07-04T04:11:19.505589,2026-07-04T04:11:19.517237+00:00,136.6,50,ask,EarnestEspressos,FlawlessFlatbreads,6550273
2026-07-04T04:11:20.719418,2026-07-04T04:11:20.727223+00:00,137.1,3,bid,Xuanyu Liu,EarnestEspressos,6550292
2026-07-04T04:11:21.404636,2026-07-04T04:11:21.413248+00:00,137.0,11,bid,Xuanyu Liu,EarnestEspressos,6550297
2026-07-04T04:11:21.584823,2026-07-04T04:11:21.594236+00:00,137.0,50,bid,FlawlessFlatbreads,EarnestEspressos,6550305
2026-07-04T04:11:22.436973,2026-07-04T04:11:22.444804+00:00,137.0,45,bid,CostlyCorianders,EarnestEspressos,6550320
2026-07-04T04:11:23.699835,2026-07-04T04:11:23.709273+00:00,137.0,44,bid,FlawlessFlatbreads,EarnestEspressos,6550341
2026-07-04T04:11:23.699835,2026-07-04T04:11:23.709273+00:00,137.0,6,bid,FlawlessFlatbreads,DiligentDonuts,6550342
2026-07-04T04:11:24.038330,2026-07-04T04:11:24.049849+00:00,136.5,47,ask,EarnestEspressos,CostlyCorianders,6550348
2026-07-04T04:11:25.862489,2026-07-04T04:11:25.874268+00:00,136.4,50,ask,EarnestEspressos,FlawlessFlatbreads,6550374
2026-07-04T04:11:26.467848,2026-07-04T04:11:26.479255+00:00,136.5,49,bid,CostlyCorianders,DiligentDonuts,6550379
2026-07-04T04:11:27.501362,2026-07-04T04:11:27.509686+00:00,136.4,42,ask,EarnestEspressos,CostlyCorianders,6550393
2026-07-04T04:11:27.967586,2026-07-04T04:11:27.979084+00:00,136.0,50,ask,DiligentDonuts,FlawlessFlatbreads,6550399
2026-07-04T04:11:28.020942,2026-07-04T04:11:28.032688+00:00,136.4,41,bid,CostlyCorianders,EarnestEspressos,6550400
2026-07-04T04:11:29.758242,2026-07-04T04:11:29.765935+00:00,136.1,44,ask,DiligentDonuts,CostlyCorianders,6550423
2026-07-04T04:11:30.100664,2026-07-04T04:11:30.116821+00:00,136.1,50,ask,DiligentDonuts,FlawlessFlatbreads,6550432
2026-07-04T04:11:32.198361,2026-07-04T04:11:32.208334+00:00,136.2,12,bid,Xuanyu Liu,DiligentDonuts,6550468
2026-07-04T04:11:32.208702,2026-07-04T04:11:32.223715+00:00,136.1,50,ask,EarnestEspressos,FlawlessFlatbreads,6550470
2026-07-04T04:11:33.425678,2026-07-04T04:11:33.437330+00:00,136.2,43,bid,CostlyCorianders,DiligentDonuts,6550486
2026-07-04T04:11:33.991141,2026-07-04T04:11:34.002918+00:00,135.7,41,ask,DiligentDonuts,CostlyCorianders,6550490
2026-07-04T04:11:34.282866,2026-07-04T04:11:34.290554+00:00,136.2,45,bid,FlawlessFlatbreads,DiligentDonuts,6550495
2026-07-04T04:11:34.282866,2026-07-04T04:11:34.295542+00:00,136.3,5,bid,FlawlessFlatbreads,EarnestEspressos,6550496
2026-07-04T04:11:35.136634,2026-07-04T04:11:35.143800+00:00,136.3,11,bid,Xuanyu Liu,EarnestEspressos,6550512
2026-07-04T04:11:36.393647,2026-07-04T04:11:36.401942+00:00,136.3,50,bid,FlawlessFlatbreads,EarnestEspressos,6550529
2026-07-04T04:11:38.522450,2026-07-04T04:11:38.533949+00:00,136.6,50,bid,FlawlessFlatbreads,EarnestEspressos,6550556
2026-07-04T04:11:40.590069,2026-07-04T04:11:40.601804+00:00,136.2,40,ask,EarnestEspressos,CostlyCorianders,6550595
2026-07-04T04:11:41.569028,2026-07-04T04:11:41.579898+00:00,136.5,42,bid,CostlyCorianders,DiligentDonuts,6550604
2026-07-04T04:11:42.199015,2026-07-04T04:11:42.208204+00:00,136.2,45,ask,EarnestEspressos,CostlyCorianders,6550610
2026-07-04T04:11:42.702737,2026-07-04T04:11:42.710575+00:00,136.5,43,bid,CostlyCorianders,DiligentDonuts,6550614
2026-07-04T04:11:42.804070,2026-07-04T04:11:42.814751+00:00,136.2,50,ask,EarnestEspressos,FlawlessFlatbreads,6550616
2026-07-04T04:11:44.910216,2026-07-04T04:11:44.921924+00:00,136.1,50,ask,DiligentDonuts,FlawlessFlatbreads,6550651
2026-07-04T04:11:45.157897,2026-07-04T04:11:45.169486+00:00,136.3,47,bid,CostlyCorianders,EarnestEspressos,6550657
2026-07-04T04:11:47.030766,2026-07-04T04:11:47.039337+00:00,136.1,50,ask,DiligentDonuts,FlawlessFlatbreads,6550685
2026-07-04T04:11:49.037895,2026-07-04T04:11:49.049562+00:00,135.8,42,ask,EarnestEspressos,CostlyCorianders,6550713
2026-07-04T04:11:49.138702,2026-07-04T04:11:49.150223+00:00,135.8,50,ask,EarnestEspressos,FlawlessFlatbreads,6550714
2026-07-04T04:11:49.610776,2026-07-04T04:11:49.618113+00:00,135.8,44,ask,EarnestEspressos,CostlyCorianders,6550728
2026-07-04T04:11:49.876959,2026-07-04T04:11:49.913172+00:00,135.7,100,ask,DiligentDonuts,EarnestEspressos,6550731
2026-07-04T04:11:49.905453,2026-07-04T04:11:49.913172+00:00,135.4,23,bid,Xuanyu Liu,EarnestEspressos,6550735
2026-07-04T04:11:50.888016,2026-07-04T04:11:50.896736+00:00,135.4,27,bid,Xuanyu Liu,EarnestEspressos,6550745
2026-07-04T04:11:51.194886,2026-07-04T04:11:51.206329+00:00,135.9,50,bid,FlawlessFlatbreads,DiligentDonuts,6550747
2026-07-04T04:11:52.999796,2026-07-04T04:11:53.007421+00:00,135.8,16,ask,EarnestEspressos,Xuanyu Liu,6550773
2026-07-04T04:11:53.302066,2026-07-04T04:11:53.309013+00:00,135.9,50,bid,FlawlessFlatbreads,DiligentDonuts,6550782
2026-07-04T04:11:53.515259,2026-07-04T04:11:53.523509+00:00,135.8,22,ask,EarnestEspressos,Xuanyu Liu,6550787
2026-07-04T04:11:55.463193,2026-07-04T04:11:55.474553+00:00,135.8,50,ask,EarnestEspressos,FlawlessFlatbreads,6550816
2026-07-04T04:11:57.282995,2026-07-04T04:11:57.291726+00:00,135.7,45,bid,CostlyCorianders,EarnestEspressos,6550847
2026-07-04T04:11:57.518074,2026-07-04T04:11:57.529654+00:00,135.7,50,bid,FlawlessFlatbreads,EarnestEspressos,6550853
2026-07-04T04:11:58.250604,2026-07-04T04:11:58.257011+00:00,135.5,41,ask,DiligentDonuts,CostlyCorianders,6550861
2026-07-04T04:11:59.699397,2026-07-04T04:11:59.708065+00:00,135.7,50,ask,EarnestEspressos,FlawlessFlatbreads,6550881
2026-07-04T04:12:00.059338,2026-07-04T04:12:00.069129+00:00,136.0,47,bid,CostlyCorianders,DiligentDonuts,6550890
2026-07-04T04:12:00.584415,2026-07-04T04:12:00.595964+00:00,136.2,40,bid,CostlyCorianders,EarnestEspressos,6550894
2026-07-04T04:12:01.754443,2026-07-04T04:12:01.765970+00:00,136.1,50,bid,FlawlessFlatbreads,DiligentDonuts,6550914
2026-07-04T04:12:03.768551,2026-07-04T04:12:03.780123+00:00,135.7,47,ask,EarnestEspressos,CostlyCorianders,6550939
2026-07-04T04:12:03.861596,2026-07-04T04:12:03.868878+00:00,136.2,50,bid,FlawlessFlatbreads,EarnestEspressos,6550943
2026-07-04T04:12:08.096550,2026-07-04T04:12:08.108681+00:00,136.2,50,bid,FlawlessFlatbreads,EarnestEspressos,6551005
2026-07-04T04:12:10.118769,2026-07-04T04:12:10.130569+00:00,136.2,49,ask,EarnestEspressos,CostlyCorianders,6551039
2026-07-04T04:12:10.216671,2026-07-04T04:12:10.224720+00:00,136.6,50,bid,FlawlessFlatbreads,DiligentDonuts,6551041
2026-07-04T04:12:12.322756,2026-07-04T04:12:12.329558+00:00,136.6,50,bid,FlawlessFlatbreads,DiligentDonuts,6551075
2026-07-04T04:12:13.285227,2026-07-04T04:12:13.296574+00:00,136.7,100,bid,DiligentDonuts,EarnestEspressos,6551101
2026-07-04T04:12:14.430414,2026-07-04T04:12:14.441872+00:00,136.7,50,bid,FlawlessFlatbreads,EarnestEspressos,6551109
2026-07-04T04:12:15.175300,2026-07-04T04:12:15.184206+00:00,137.0,46,ask,EarnestEspressos,Xuanyu Liu,6551119
2026-07-04T04:12:16.540244,2026-07-04T04:12:16.552256+00:00,137.1,50,bid,FlawlessFlatbreads,DiligentDonuts,6551135
2026-07-04T04:12:17.847763,2026-07-04T04:12:17.858579+00:00,137.1,47,bid,CostlyCorianders,DiligentDonuts,6551151
2026-07-04T04:12:18.648206,2026-07-04T04:12:18.658551+00:00,137.1,3,bid,FlawlessFlatbreads,DiligentDonuts,6551162
2026-07-04T04:12:18.648206,2026-07-04T04:12:18.658551+00:00,137.5,47,bid,FlawlessFlatbreads,EarnestEspressos,6551163
2026-07-04T04:12:19.447006,2026-07-04T04:12:19.468729+00:00,137.0,41,ask,EarnestEspressos,CostlyCorianders,6551167
2026-07-04T04:12:20.093761,2026-07-04T04:12:20.102220+00:00,137.5,42,bid,CostlyCorianders,EarnestEspressos,6551181
2026-07-04T04:12:20.755364,2026-07-04T04:12:20.762262+00:00,137.5,50,bid,FlawlessFlatbreads,EarnestEspressos,6551184
2026-07-04T04:12:21.496238,2026-07-04T04:12:21.511473+00:00,137.5,100,bid,EarnestEspressos,DiligentDonuts,6551192
2026-07-04T04:12:21.559373,2026-07-04T04:12:21.569132+00:00,137.6,3,ask,EarnestEspressos,Xuanyu Liu,6551195
2026-07-04T04:12:22.734829,2026-07-04T04:12:22.742260+00:00,137.6,3,ask,EarnestEspressos,Xuanyu Liu,6551209
2026-07-04T04:12:22.913693,2026-07-04T04:12:22.925699+00:00,137.6,44,ask,EarnestEspressos,FlawlessFlatbreads,6551211
2026-07-04T04:12:22.913693,2026-07-04T04:12:22.925699+00:00,137.3,6,ask,DiligentDonuts,FlawlessFlatbreads,6551212
2026-07-04T04:12:22.985745,2026-07-04T04:12:22.997655+00:00,137.3,42,ask,DiligentDonuts,CostlyCorianders,6551213
2026-07-04T04:12:24.718346,2026-07-04T04:12:24.726122+00:00,137.3,52,ask,DiligentDonuts,EarnestEspressos,6551233
2026-07-04T04:12:24.732210,2026-07-04T04:12:24.740371+00:00,137.3,3,bid,Xuanyu Liu,EarnestEspressos,6551234
2026-07-04T04:12:25.024472,2026-07-04T04:12:25.035982+00:00,136.8,50,ask,EarnestEspressos,FlawlessFlatbreads,6551241
2026-07-04T04:12:25.332034,2026-07-04T04:12:25.339959+00:00,136.8,49,ask,EarnestEspressos,CostlyCorianders,6551244
2026-07-04T04:12:27.130267,2026-07-04T04:12:27.142083+00:00,136.8,50,ask,EarnestEspressos,FlawlessFlatbreads,6551267
2026-07-04T04:12:27.875519,2026-07-04T04:12:27.905621+00:00,137.3,44,bid,CostlyCorianders,DiligentDonuts,6551270
2026-07-04T04:12:27.888094,2026-07-04T04:12:27.905621+00:00,137.1,14,bid,Xuanyu Liu,EarnestEspressos,6551272
2026-07-04T04:12:29.090704,2026-07-04T04:12:29.102549+00:00,137.1,100,bid,DiligentDonuts,EarnestEspressos,6551294
2026-07-04T04:12:29.185682,2026-07-04T04:12:29.197507+00:00,137.1,36,bid,FlawlessFlatbreads,EarnestEspressos,6551296
2026-07-04T04:12:29.185682,2026-07-04T04:12:29.197507+00:00,137.8,14,bid,FlawlessFlatbreads,DiligentDonuts,6551297
2026-07-04T04:12:29.635065,2026-07-04T04:12:29.646585+00:00,137.8,44,bid,CostlyCorianders,DiligentDonuts,6551301
2026-07-04T04:12:31.345585,2026-07-04T04:12:31.356991+00:00,137.3,50,ask,EarnestEspressos,FlawlessFlatbreads,6551330
2026-07-04T04:12:33.452180,2026-07-04T04:12:33.458712+00:00,137.3,50,ask,EarnestEspressos,FlawlessFlatbreads,6551361
2026-07-04T04:12:33.802718,2026-07-04T04:12:33.814388+00:00,137.3,45,ask,EarnestEspressos,CostlyCorianders,6551369
2026-07-04T04:12:34.205345,2026-07-04T04:12:34.215653+00:00,137.3,100,ask,DiligentDonuts,EarnestEspressos,6551375
2026-07-04T04:12:35.574024,2026-07-04T04:12:35.585513+00:00,137.0,50,ask,DiligentDonuts,FlawlessFlatbreads,6551399
2026-07-04T04:12:36.840305,2026-07-04T04:12:36.848141+00:00,137.3,12,bid,Xuanyu Liu,EarnestEspressos,6551412
2026-07-04T04:12:37.630555,2026-07-04T04:12:37.642473+00:00,137.5,50,bid,FlawlessFlatbreads,DiligentDonuts,6551424
2026-07-04T04:12:39.739138,2026-07-04T04:12:39.745868+00:00,137.7,50,bid,FlawlessFlatbreads,DiligentDonuts,6551461
2026-07-04T04:12:39.976405,2026-07-04T04:12:39.988176+00:00,137.7,46,bid,CostlyCorianders,DiligentDonuts,6551464
2026-07-04T04:12:40.776050,2026-07-04T04:12:40.785063+00:00,137.3,23,ask,EarnestEspressos,Xuanyu Liu,6551479
2026-07-04T04:12:44.000387,2026-07-04T04:12:44.010112+00:00,137.0,50,ask,DiligentDonuts,FlawlessFlatbreads,6551526
2026-07-04T04:12:45.092050,2026-07-04T04:12:45.102393+00:00,137.5,43,bid,CostlyCorianders,EarnestEspressos,6551541
2026-07-04T04:12:45.146514,2026-07-04T04:12:45.158047+00:00,137.1,49,ask,DiligentDonuts,CostlyCorianders,6551542
2026-07-04T04:12:45.715694,2026-07-04T04:12:45.722777+00:00,137.5,41,bid,CostlyCorianders,EarnestEspressos,6551545
2026-07-04T04:12:45.771361,2026-07-04T04:12:45.780497+00:00,137.1,41,ask,DiligentDonuts,CostlyCorianders,6551546
2026-07-04T04:12:46.055749,2026-07-04T04:12:46.055534+00:00,137.5,50,bid,FlawlessFlatbreads,EarnestEspressos,6551553
2026-07-04T04:12:46.392202,2026-07-04T04:12:46.404065+00:00,137.1,10,ask,DiligentDonuts,CostlyCorianders,6551556
2026-07-04T04:12:46.392202,2026-07-04T04:12:46.404065+00:00,137.0,32,ask,EarnestEspressos,CostlyCorianders,6551557
2026-07-04T04:12:46.816159,2026-07-04T04:12:46.824113+00:00,137.5,3,ask,EarnestEspressos,Xuanyu Liu,6551563
2026-07-04T04:12:48.118937,2026-07-04T04:12:48.129724+00:00,137.5,100,ask,EarnestEspressos,DiligentDonuts,6551586
2026-07-04T04:12:50.265132,2026-07-04T04:12:50.276566+00:00,137.5,50,bid,FlawlessFlatbreads,EarnestEspressos,6551607
2026-07-04T04:12:52.032662,2026-07-04T04:12:52.044712+00:00,137.4,48,bid,CostlyCorianders,DiligentDonuts,6551636
2026-07-04T04:12:54.529912,2026-07-04T04:12:54.541408+00:00,137.0,50,ask,EarnestEspressos,FlawlessFlatbreads,6551682
2026-07-04T04:12:55.711793,2026-07-04T04:12:55.723536+00:00,137.0,44,ask,EarnestEspressos,CostlyCorianders,6551698
2026-07-04T04:12:56.215202,2026-07-04T04:12:56.226644+00:00,137.4,43,bid,CostlyCorianders,DiligentDonuts,6551703
2026-07-04T04:12:56.585457,2026-07-04T04:12:56.593614+00:00,137.1,50,bid,FlawlessFlatbreads,EarnestEspressos,6551712
2026-07-04T04:12:58.692806,2026-07-04T04:12:58.704378+00:00,137.1,50,bid,FlawlessFlatbreads,EarnestEspressos,6551734
2026-07-04T04:13:00.123205,2026-07-04T04:13:00.134915+00:00,136.8,46,ask,DiligentDonuts,CostlyCorianders,6551753
2026-07-04T04:13:00.805120,2026-07-04T04:13:00.814727+00:00,137.3,50,bid,FlawlessFlatbreads,EarnestEspressos,6551766
2026-07-04T04:13:02.307789,2026-07-04T04:13:02.319430+00:00,137.3,44,bid,CostlyCorianders,EarnestEspressos,6551791
2026-07-04T04:13:02.617304,2026-07-04T04:13:02.626472+00:00,137.4,100,bid,EarnestEspressos,DiligentDonuts,6551792
2026-07-04T04:13:02.912216,2026-07-04T04:13:02.923936+00:00,138.1,50,bid,FlawlessFlatbreads,EarnestEspressos,6551802
2026-07-04T04:13:03.075801,2026-07-04T04:13:03.086253+00:00,137.6,37,ask,EarnestEspressos,Xuanyu Liu,6551805
2026-07-04T04:13:03.772907,2026-07-04T04:13:03.784611+00:00,137.6,13,ask,EarnestEspressos,CostlyCorianders,6551817
2026-07-04T04:13:03.772907,2026-07-04T04:13:03.784611+00:00,136.9,34,ask,DiligentDonuts,CostlyCorianders,6551818
2026-07-04T04:13:04.260229,2026-07-04T04:13:04.271808+00:00,137.3,43,ask,DiligentDonuts,CostlyCorianders,6551828
2026-07-04T04:13:05.050218,2026-07-04T04:13:05.059458+00:00,137.8,50,bid,FlawlessFlatbreads,DiligentDonuts,6551843
2026-07-04T04:13:05.838156,2026-07-04T04:13:05.846317+00:00,137.5,23,bid,Xuanyu Liu,EarnestEspressos,6551862
2026-07-04T04:13:06.068298,2026-07-04T04:13:06.080090+00:00,137.5,40,bid,CostlyCorianders,EarnestEspressos,6551866
2026-07-04T04:13:06.616836,2026-07-04T04:13:06.628273+00:00,137.3,40,ask,DiligentDonuts,CostlyCorianders,6551874
2026-07-04T04:13:07.170964,2026-07-04T04:13:07.182704+00:00,137.5,40,bid,CostlyCorianders,EarnestEspressos,6551884
2026-07-04T04:13:07.212907,2026-07-04T04:13:07.224406+00:00,137.0,50,ask,EarnestEspressos,FlawlessFlatbreads,6551885
2026-07-04T04:13:08.711760,2026-07-04T04:13:08.719204+00:00,137.5,11,bid,Xuanyu Liu,EarnestEspressos,6551915
2026-07-04T04:13:08.818478,2026-07-04T04:13:08.829981+00:00,137.5,36,bid,CostlyCorianders,EarnestEspressos,6551918
2026-07-04T04:13:08.818478,2026-07-04T04:13:08.829981+00:00,137.5,4,bid,CostlyCorianders,DiligentDonuts,6551919
2026-07-04T04:13:08.937655,2026-07-04T04:13:08.949060+00:00,137.5,96,bid,EarnestEspressos,DiligentDonuts,6551921
2026-07-04T04:13:09.320197,2026-07-04T04:13:09.331959+00:00,137.5,50,ask,EarnestEspressos,FlawlessFlatbreads,6551922
2026-07-04T04:13:09.372444,2026-07-04T04:13:09.384202+00:00,137.5,4,ask,EarnestEspressos,CostlyCorianders,6551924
2026-07-04T04:13:09.372444,2026-07-04T04:13:09.384202+00:00,137.0,42,ask,DiligentDonuts,CostlyCorianders,6551925
2026-07-04T04:13:10.573775,2026-07-04T04:13:10.585299+00:00,137.5,48,bid,CostlyCorianders,DiligentDonuts,6551941
2026-07-04T04:13:11.376045,2026-07-04T04:13:11.387534+00:00,137.5,50,bid,FlawlessFlatbreads,DiligentDonuts,6551953
2026-07-04T04:13:12.164763,2026-07-04T04:13:12.173248+00:00,137.3,3,bid,Xuanyu Liu,EarnestEspressos,6551965
2026-07-04T04:13:13.384334,2026-07-04T04:13:13.393763+00:00,137.3,100,bid,DiligentDonuts,EarnestEspressos,6551984
2026-07-04T04:13:13.509525,2026-07-04T04:13:13.520474+00:00,137.3,47,bid,FlawlessFlatbreads,EarnestEspressos,6551986
2026-07-04T04:13:13.509525,2026-07-04T04:13:13.520474+00:00,137.9,3,bid,FlawlessFlatbreads,DiligentDonuts,6551987
2026-07-04T04:13:15.620164,2026-07-04T04:13:15.631931+00:00,137.9,50,bid,FlawlessFlatbreads,DiligentDonuts,6552020
2026-07-04T04:13:15.755759,2026-07-04T04:13:15.767452+00:00,137.4,41,ask,EarnestEspressos,CostlyCorianders,6552022
2026-07-04T04:13:16.182355,2026-07-04T04:13:16.193641+00:00,137.4,3,ask,EarnestEspressos,Xuanyu Liu,6552027
2026-07-04T04:13:16.934296,2026-07-04T04:13:16.945864+00:00,137.4,47,ask,EarnestEspressos,CostlyCorianders,6552033
2026-07-04T04:13:17.225647,2026-07-04T04:13:17.233434+00:00,137.4,11,ask,EarnestEspressos,Xuanyu Liu,6552038
2026-07-04T04:13:17.431381,2026-07-04T04:13:17.443052+00:00,137.6,48,bid,CostlyCorianders,DiligentDonuts,6552042
2026-07-04T04:13:17.754908,2026-07-04T04:13:17.757444+00:00,137.6,50,bid,FlawlessFlatbreads,DiligentDonuts,6552047
2026-07-04T04:13:18.515690,2026-07-04T04:13:18.530339+00:00,137.2,11,bid,Xuanyu Liu,EarnestEspressos,6552057
2026-07-04T04:13:19.047444,2026-07-04T04:13:19.058951+00:00,137.1,49,ask,DiligentDonuts,CostlyCorianders,6552065
2026-07-04T04:13:19.710897,2026-07-04T04:13:19.722388+00:00,137.2,100,bid,DiligentDonuts,EarnestEspressos,6552073
2026-07-04T04:13:19.862675,2026-07-04T04:13:19.874448+00:00,137.2,39,bid,FlawlessFlatbreads,EarnestEspressos,6552077
2026-07-04T04:13:19.862675,2026-07-04T04:13:19.874448+00:00,137.7,11,bid,FlawlessFlatbreads,DiligentDonuts,6552078
2026-07-04T04:13:22.045418,2026-07-04T04:13:22.054228+00:00,137.4,50,ask,EarnestEspressos,FlawlessFlatbreads,6552112
2026-07-04T04:13:24.036679,2026-07-04T04:13:24.053158+00:00,137.4,11,ask,EarnestEspressos,Xuanyu Liu,6552131
2026-07-04T04:13:24.150739,2026-07-04T04:13:24.158598+00:00,137.4,50,ask,EarnestEspressos,FlawlessFlatbreads,6552134
2026-07-04T04:13:32.524319,2026-07-04T04:13:32.536168+00:00,137.3,50,bid,FlawlessFlatbreads,EarnestEspressos,6552243
2026-07-04T04:13:33.134564,2026-07-04T04:13:33.158852+00:00,137.3,41,bid,CostlyCorianders,EarnestEspressos,6552256
2026-07-04T04:13:34.214445,2026-07-04T04:13:34.226046+00:00,137.1,46,ask,DiligentDonuts,CostlyCorianders,6552267
2026-07-04T04:13:34.631593,2026-07-04T04:13:34.643115+00:00,137.6,50,bid,FlawlessFlatbreads,DiligentDonuts,6552275
2026-07-04T04:13:36.802694,2026-07-04T04:13:36.814084+00:00,137.3,50,ask,EarnestEspressos,FlawlessFlatbreads,6552303
2026-07-04T04:13:38.858914,2026-07-04T04:13:38.870486+00:00,137.4,50,bid,FlawlessFlatbreads,DiligentDonuts,6552334
2026-07-04T04:13:41.017792,2026-07-04T04:13:41.029651+00:00,137.1,50,ask,EarnestEspressos,FlawlessFlatbreads,6552362
2026-07-04T04:13:43.126602,2026-07-04T04:13:43.133748+00:00,137.1,50,ask,EarnestEspressos,FlawlessFlatbreads,6552384
2026-07-04T04:13:43.820910,2026-07-04T04:13:43.832260+00:00,136.9,100,ask,DiligentDonuts,EarnestEspressos,6552400
