timestamp,recv_time,price,volume,aggressor_side,buyer,seller,trade_id
2026-07-07T08:00:00.688076,2026-07-07T08:00:00.699605+00:00,156.7,50,bid,,,10581842
2026-07-07T08:00:00.939194,2026-07-07T08:00:00.931596+00:00,156.7,42,bid,,,10581848
2026-07-07T08:00:02.344176,2026-07-07T08:00:02.358582+00:00,156.4,100,ask,,,10581866
2026-07-07T08:00:02.458583,2026-07-07T08:00:02.476216+00:00,156.3,11,bid,,,10581868
2026-07-07T08:00:02.533700,2026-07-07T08:00:02.542733+00:00,156.3,39,bid,,,10581870
2026-07-07T08:00:02.533700,2026-07-07T08:00:02.542733+00:00,156.9,2,bid,,,10581871
2026-07-07T08:00:02.795913,2026-07-07T08:00:02.807606+00:00,156.9,50,bid,,,10581874
2026-07-07T08:00:03.107687,2026-07-07T08:00:03.119894+00:00,156.2,41,ask,,,10581876
2026-07-07T08:00:03.995770,2026-07-07T08:00:04.007575+00:00,156.9,44,bid,,,10581897
2026-07-07T08:00:04.955839,2026-07-07T08:00:04.965230+00:00,156.2,50,ask,,,10581908
2026-07-07T08:00:05.411513,2026-07-07T08:00:05.420829+00:00,156.5,11,ask,,,10581910
2026-07-07T08:00:06.576723,2026-07-07T08:00:06.588877+00:00,156.5,48,ask,,,10581933
2026-07-07T08:00:08.625399,2026-07-07T08:00:08.633761+00:00,156.8,41,bid,,,10581974
2026-07-07T08:00:08.682720,2026-07-07T08:00:08.692544+00:00,156.8,49,ask,,,10581975
2026-07-07T08:00:09.119449,2026-07-07T08:00:09.126772+00:00,157.1,50,bid,,,10581978
2026-07-07T08:00:11.228222,2026-07-07T08:00:11.240001+00:00,156.9,5,bid,,,10582029
2026-07-07T08:00:13.419378,2026-07-07T08:00:13.431260+00:00,156.8,50,ask,,,10582066
2026-07-07T08:00:15.526392,2026-07-07T08:00:15.534283+00:00,156.6,50,ask,,,10582088
2026-07-07T08:00:16.321016,2026-07-07T08:00:16.330562+00:00,156.9,40,bid,,,10582094
2026-07-07T08:00:17.641317,2026-07-07T08:00:17.652883+00:00,156.6,50,ask,,,10582111
2026-07-07T08:00:19.453573,2026-07-07T08:00:19.458597+00:00,156.9,44,bid,,,10582147
2026-07-07T08:00:19.747299,2026-07-07T08:00:19.758591+00:00,156.5,50,ask,,,10582152
2026-07-07T08:00:20.835217,2026-07-07T08:00:20.847403+00:00,156.8,46,bid,,,10582164
2026-07-07T08:00:21.886364,2026-07-07T08:00:21.898340+00:00,156.5,50,ask,,,10582178
2026-07-07T08:00:23.993290,2026-07-07T08:00:24.005266+00:00,156.5,50,ask,,,10582209
2026-07-07T08:00:24.477765,2026-07-07T08:00:24.489340+00:00,156.6,45,ask,,,10582220
2026-07-07T08:00:24.606184,2026-07-07T08:00:24.615414+00:00,156.8,11,bid,,,10582227
2026-07-07T08:00:24.965114,2026-07-07T08:00:24.975963+00:00,156.8,48,bid,,,10582239
2026-07-07T08:00:25.467855,2026-07-07T08:00:25.474811+00:00,156.8,41,bid,,,10582240
2026-07-07T08:00:26.119115,2026-07-07T08:00:26.130836+00:00,156.7,20,ask,,,10582252
2026-07-07T08:00:26.119115,2026-07-07T08:00:26.130836+00:00,156.6,30,ask,,,10582253
2026-07-07T08:00:27.208102,2026-07-07T08:00:27.215506+00:00,156.7,49,ask,,,10582269
2026-07-07T08:00:28.123472,2026-07-07T08:00:28.135306+00:00,157.0,45,bid,,,10582282
2026-07-07T08:00:28.232314,2026-07-07T08:00:28.244139+00:00,156.8,50,ask,,,10582285
2026-07-07T08:00:30.350190,2026-07-07T08:00:30.358662+00:00,156.8,50,ask,,,10582318
2026-07-07T08:00:30.837793,2026-07-07T08:00:30.847109+00:00,156.7,43,ask,,,10582324
2026-07-07T08:00:31.849870,2026-07-07T08:00:31.856440+00:00,156.9,43,bid,,,10582340
2026-07-07T08:00:32.444302,2026-07-07T08:00:32.456127+00:00,156.7,49,ask,,,10582347
2026-07-07T08:00:32.456994,2026-07-07T08:00:32.463791+00:00,156.7,1,ask,,,10582348
2026-07-07T08:00:32.456994,2026-07-07T08:00:32.468816+00:00,156.6,49,ask,,,10582349
2026-07-07T08:00:34.593154,2026-07-07T08:00:34.602534+00:00,156.4,50,ask,,,10582401
2026-07-07T08:00:35.574100,2026-07-07T08:00:35.583977+00:00,156.6,11,bid,,,10582417
2026-07-07T08:00:35.867843,2026-07-07T08:00:35.877247+00:00,156.6,39,bid,,,10582419
2026-07-07T08:00:35.867843,2026-07-07T08:00:35.877247+00:00,156.7,6,bid,,,10582420
2026-07-07T08:00:36.648234,2026-07-07T08:00:36.654873+00:00,156.7,50,bid,,,10582440
2026-07-07T08:00:38.578327,2026-07-07T08:00:38.585992+00:00,156.5,48,ask,,,10582468
2026-07-07T08:00:38.789572,2026-07-07T08:00:38.800813+00:00,156.6,50,bid,,,10582473
2026-07-07T08:00:39.736960,2026-07-07T08:00:39.748679+00:00,156.5,44,ask,,,10582496
2026-07-07T08:00:40.351718,2026-07-07T08:00:40.360416+00:00,156.4,12,bid,,,10582505
2026-07-07T08:00:40.903153,2026-07-07T08:00:40.914704+00:00,156.4,50,bid,,,10582522
2026-07-07T08:00:43.039794,2026-07-07T08:00:43.046708+00:00,156.4,50,bid,,,10582563
2026-07-07T08:00:43.592086,2026-07-07T08:00:43.599826+00:00,156.6,45,bid,,,10582572
2026-07-07T08:00:45.022292,2026-07-07T08:00:45.034536+00:00,156.7,47,bid,,,10582593
2026-07-07T08:00:45.202800,2026-07-07T08:00:45.215095+00:00,156.5,50,ask,,,10582599
2026-07-07T08:00:45.504001,2026-07-07T08:00:45.510863+00:00,156.5,47,ask,,,10582606
2026-07-07T08:00:47.322520,2026-07-07T08:00:47.334145+00:00,156.3,50,ask,,,10582635
2026-07-07T08:00:47.653219,2026-07-07T08:00:47.658567+00:00,156.3,42,ask,,,10582638
2026-07-07T08:00:48.214764,2026-07-07T08:00:48.222256+00:00,156.6,42,bid,,,10582659
2026-07-07T08:00:49.432604,2026-07-07T08:00:49.442445+00:00,156.3,50,ask,,,10582679
2026-07-07T08:00:50.201448,2026-07-07T08:00:50.213123+00:00,156.4,20,ask,,,10582701
2026-07-07T08:00:50.201448,2026-07-07T08:00:50.213123+00:00,156.3,20,ask,,,10582702
2026-07-07T08:00:50.792581,2026-07-07T08:00:50.804376+00:00,156.6,45,bid,,,10582712
2026-07-07T08:00:51.286363,2026-07-07T08:00:51.298147+00:00,156.6,5,bid,,,10582728
2026-07-07T08:00:51.286363,2026-07-07T08:00:51.298147+00:00,156.6,44,bid,,,10582729
2026-07-07T08:00:51.562211,2026-07-07T08:00:51.574257+00:00,156.3,50,ask,,,10582738
2026-07-07T08:00:53.215786,2026-07-07T08:00:53.227246+00:00,156.4,50,bid,,,10582774
2026-07-07T08:00:53.669940,2026-07-07T08:00:53.682052+00:00,156.2,20,ask,,,10582787
2026-07-07T08:00:53.669940,2026-07-07T08:00:53.682052+00:00,156.1,30,ask,,,10582788
2026-07-07T08:00:55.727903,2026-07-07T08:00:55.739965+00:00,156.4,50,bid,,,10582812
2026-07-07T08:00:57.886646,2026-07-07T08:00:57.893869+00:00,156.2,20,ask,,,10582870
2026-07-07T08:01:00.003478,2026-07-07T08:01:00.015826+00:00,156.2,50,ask,,,10582922
2026-07-07T08:01:00.053500,2026-07-07T08:01:00.068536+00:00,156.3,17,bid,,,10582925
2026-07-07T08:01:00.132907,2026-07-07T08:01:00.139659+00:00,156.3,25,bid,,,10582929
2026-07-07T08:01:00.369160,2026-07-07T08:01:00.380507+00:00,156.3,8,bid,,,10582933
2026-07-07T08:01:01.370385,2026-07-07T08:01:01.379930+00:00,156.3,6,ask,,,10582958
2026-07-07T08:01:04.164906,2026-07-07T08:01:04.172368+00:00,156.6,50,bid,,,10583015
2026-07-07T08:01:07.181206,2026-07-07T08:01:07.189296+00:00,156.4,48,ask,,,10583067
2026-07-07T08:01:07.709136,2026-07-07T08:01:07.715829+00:00,156.4,2,ask,,,10583074
2026-07-07T08:01:07.709136,2026-07-07T08:01:07.721330+00:00,156.4,20,ask,,,10583075
2026-07-07T08:01:07.709136,2026-07-07T08:01:07.721330+00:00,156.3,20,ask,,,10583076
2026-07-07T08:01:08.437646,2026-07-07T08:01:08.449668+00:00,156.3,50,ask,,,10583083
2026-07-07T08:01:10.655739,2026-07-07T08:01:10.651919+00:00,156.6,25,bid,,,10583119
2026-07-07T08:01:10.897926,2026-07-07T08:01:10.906596+00:00,156.6,25,bid,,,10583122
2026-07-07T08:01:11.120534,2026-07-07T08:01:11.129813+00:00,156.6,11,bid,,,10583125
2026-07-07T08:01:11.560421,2026-07-07T08:01:11.572148+00:00,156.6,39,bid,,,10583134
2026-07-07T08:01:11.560421,2026-07-07T08:01:11.572148+00:00,156.8,4,bid,,,10583135
2026-07-07T08:01:12.650274,2026-07-07T08:01:12.656847+00:00,156.6,50,ask,,,10583154
2026-07-07T08:01:12.723457,2026-07-07T08:01:12.746287+00:00,156.8,46,bid,,,10583157
2026-07-07T08:01:12.723457,2026-07-07T08:01:12.746287+00:00,156.9,1,bid,,,10583158
2026-07-07T08:01:12.784313,2026-07-07T08:01:12.793552+00:00,156.6,47,ask,,,10583164
2026-07-07T08:01:14.758501,2026-07-07T08:01:14.768863+00:00,156.7,50,ask,,,10583208
2026-07-07T08:01:16.864933,2026-07-07T08:01:16.877041+00:00,156.7,50,ask,,,10583241
2026-07-07T08:01:18.018704,2026-07-07T08:01:18.030319+00:00,156.6,49,ask,,,10583266
2026-07-07T08:01:18.972806,2026-07-07T08:01:18.982018+00:00,156.5,50,ask,,,10583279
2026-07-07T08:01:19.068664,2026-07-07T08:01:19.080612+00:00,156.9,41,bid,,,10583283
2026-07-07T08:01:21.079658,2026-07-07T08:01:21.090080+00:00,156.6,50,ask,,,10583328
2026-07-07T08:01:21.625568,2026-07-07T08:01:21.637503+00:00,156.8,41,bid,,,10583332
2026-07-07T08:01:23.134731,2026-07-07T08:01:23.146633+00:00,156.8,50,bid,,,10583357
2026-07-07T08:01:25.241429,2026-07-07T08:01:25.258597+00:00,156.8,50,bid,,,10583393
2026-07-07T08:01:26.840988,2026-07-07T08:01:26.853045+00:00,156.5,44,ask,,,10583420
2026-07-07T08:01:27.349113,2026-07-07T08:01:27.358571+00:00,156.8,50,bid,,,10583429
2026-07-07T08:01:27.458761,2026-07-07T08:01:27.470572+00:00,156.8,44,bid,,,10583437
2026-07-07T08:01:29.047203,2026-07-07T08:01:29.058467+00:00,156.5,47,ask,,,10583468
2026-07-07T08:01:29.506413,2026-07-07T08:01:29.515630+00:00,156.5,50,ask,,,10583472
2026-07-07T08:01:31.562325,2026-07-07T08:01:31.573292+00:00,156.8,50,bid,,,10583519
2026-07-07T08:01:33.668608,2026-07-07T08:01:33.680692+00:00,156.9,50,bid,,,10583547
2026-07-07T08:01:34.041523,2026-07-07T08:01:34.051569+00:00,156.6,48,ask,,,10583561
2026-07-07T08:01:35.578092,2026-07-07T08:01:35.586040+00:00,156.9,20,bid,,,10583604
2026-07-07T08:01:35.578092,2026-07-07T08:01:35.586040+00:00,157.0,21,bid,,,10583605
2026-07-07T08:01:35.778406,2026-07-07T08:01:35.790486+00:00,156.9,20,bid,,,10583607
2026-07-07T08:01:35.778406,2026-07-07T08:01:35.790486+00:00,157.0,30,bid,,,10583608
2026-07-07T08:01:37.513334,2026-07-07T08:01:37.525340+00:00,156.9,42,bid,,,10583635
2026-07-07T08:01:37.889409,2026-07-07T08:01:37.900334+00:00,156.9,50,bid,,,10583636
2026-07-07T08:01:38.470092,2026-07-07T08:01:38.481974+00:00,156.8,49,ask,,,10583655
2026-07-07T08:01:39.997566,2026-07-07T08:01:40.005742+00:00,157.1,50,bid,,,10583671
2026-07-07T08:01:40.644587,2026-07-07T08:01:40.658576+00:00,157.1,44,bid,,,10583679
2026-07-07T08:01:42.107143,2026-07-07T08:01:42.119348+00:00,157.1,50,bid,,,10583716
2026-07-07T08:01:43.647892,2026-07-07T08:01:43.657263+00:00,157.1,11,ask,,,10583741
2026-07-07T08:01:44.215359,2026-07-07T08:01:44.222161+00:00,157.3,20,bid,,,10583754
2026-07-07T08:01:44.215359,2026-07-07T08:01:44.227382+00:00,157.5,30,bid,,,10583755
2026-07-07T08:01:45.605591,2026-07-07T08:01:45.617443+00:00,157.1,48,ask,,,10583777
2026-07-07T08:01:46.323001,2026-07-07T08:01:46.334631+00:00,157.5,50,bid,,,10583790
2026-07-07T08:01:46.785835,2026-07-07T08:01:46.796204+00:00,157.5,100,ask,,,10583798
2026-07-07T08:01:46.834304,2026-07-07T08:01:46.843794+00:00,157.5,12,ask,,,10583799
2026-07-07T08:01:47.380543,2026-07-07T08:01:47.391297+00:00,157.5,34,ask,,,10583809
2026-07-07T08:01:47.569602,2026-07-07T08:01:47.580907+00:00,157.5,4,ask,,,10583817
2026-07-07T08:01:47.712466,2026-07-07T08:01:47.724581+00:00,157.0,43,ask,,,10583824
2026-07-07T08:01:48.432971,2026-07-07T08:01:48.443783+00:00,157.3,20,bid,,,10583837
2026-07-07T08:01:48.432971,2026-07-07T08:01:48.443783+00:00,158.0,30,bid,,,10583838
2026-07-07T08:01:48.596592,2026-07-07T08:01:48.599348+00:00,157.3,20,bid,,,10583848
2026-07-07T08:01:48.596592,2026-07-07T08:01:48.604793+00:00,158.0,24,bid,,,10583849
2026-07-07T08:01:48.894919,2026-07-07T08:01:48.901670+00:00,157.2,25,ask,,,10583853
2026-07-07T08:01:49.114718,2026-07-07T08:01:49.126437+00:00,157.2,25,ask,,,10583859
2026-07-07T08:01:50.004370,2026-07-07T08:01:50.013690+00:00,157.2,34,bid,,,10583875
2026-07-07T08:01:50.543307,2026-07-07T08:01:50.554994+00:00,157.2,50,bid,,,10583888
2026-07-07T08:01:51.864842,2026-07-07T08:01:51.874500+00:00,157.2,42,bid,,,10583910
2026-07-07T08:01:52.667877,2026-07-07T08:01:52.685445+00:00,157.2,24,bid,,,10583928
2026-07-07T08:01:52.667877,2026-07-07T08:01:52.685445+00:00,157.3,26,bid,,,10583929
2026-07-07T08:01:53.087237,2026-07-07T08:01:53.099224+00:00,157.3,24,bid,,,10583939
2026-07-07T08:01:53.087237,2026-07-07T08:01:53.099224+00:00,157.4,20,bid,,,10583940
2026-07-07T08:01:53.107569,2026-07-07T08:01:53.116514+00:00,157.4,100,ask,,,10583942
2026-07-07T08:01:53.160732,2026-07-07T08:01:53.169976+00:00,157.4,6,ask,,,10583944
2026-07-07T08:01:56.556816,2026-07-07T08:01:56.558553+00:00,157.0,45,ask,,,10584004
2026-07-07T08:01:56.884069,2026-07-07T08:01:56.895680+00:00,157.1,50,bid,,,10584009
2026-07-07T08:01:57.732364,2026-07-07T08:01:57.742924+00:00,157.1,41,bid,,,10584033
2026-07-07T08:01:59.950690,2026-07-07T08:01:59.963901+00:00,157.1,12,ask,,,10584084
2026-07-07T08:02:00.565889,2026-07-07T08:02:00.575793+00:00,157.1,5,ask,,,10584100
2026-07-07T08:02:00.752776,2026-07-07T08:02:00.753864+00:00,157.1,25,ask,,,10584107
2026-07-07T08:02:00.783031,2026-07-07T08:02:00.794719+00:00,157.1,41,ask,,,10584109
2026-07-07T08:02:00.974393,2026-07-07T08:02:00.985907+00:00,157.1,1,ask,,,10584113
2026-07-07T08:02:01.095397,2026-07-07T08:02:01.107191+00:00,157.3,45,bid,,,10584116
2026-07-07T08:02:01.095397,2026-07-07T08:02:01.107191+00:00,157.6,5,bid,,,10584117
2026-07-07T08:02:01.311738,2026-07-07T08:02:01.319205+00:00,157.1,16,ask,,,10584120
2026-07-07T08:02:01.311738,2026-07-07T08:02:01.324378+00:00,157.1,24,ask,,,10584121
2026-07-07T08:02:01.813628,2026-07-07T08:02:01.824261+00:00,157.1,41,ask,,,10584126
2026-07-07T08:02:03.259642,2026-07-07T08:02:03.271414+00:00,157.0,50,ask,,,10584159
2026-07-07T08:02:05.318513,2026-07-07T08:02:05.325602+00:00,157.5,49,bid,,,10584188
2026-07-07T08:02:05.383514,2026-07-07T08:02:05.395340+00:00,157.0,50,ask,,,10584189
2026-07-07T08:02:07.481935,2026-07-07T08:02:07.493589+00:00,157.6,42,bid,,,10584225
2026-07-07T08:02:08.534555,2026-07-07T08:02:08.546087+00:00,157.2,46,ask,,,10584241
2026-07-07T08:02:09.542456,2026-07-07T08:02:09.548485+00:00,157.3,50,bid,,,10584252
2026-07-07T08:02:09.747257,2026-07-07T08:02:09.756734+00:00,157.3,23,bid,,,10584264
2026-07-07T08:02:11.648513,2026-07-07T08:02:11.660463+00:00,157.3,50,bid,,,10584299
2026-07-07T08:02:11.983813,2026-07-07T08:02:11.992205+00:00,157.3,27,bid,,,10584304
2026-07-07T08:02:12.108423,2026-07-07T08:02:12.118091+00:00,157.5,23,ask,,,10584308
2026-07-07T08:02:13.755851,2026-07-07T08:02:13.758586+00:00,157.6,50,bid,,,10584333
2026-07-07T08:02:14.043469,2026-07-07T08:02:14.058602+00:00,157.6,48,bid,,,10584342
2026-07-07T08:02:15.913573,2026-07-07T08:02:15.925433+00:00,157.8,50,ask,,,10584362
2026-07-07T08:02:18.024420,2026-07-07T08:02:18.031653+00:00,157.8,50,ask,,,10584394
2026-07-07T08:02:20.079875,2026-07-07T08:02:20.091779+00:00,157.8,50,bid,,,10584428
2026-07-07T08:02:22.192847,2026-07-07T08:02:22.204748+00:00,158.1,50,bid,,,10584460
2026-07-07T08:02:24.804368,2026-07-07T08:02:24.813372+00:00,157.9,45,ask,,,10584512
2026-07-07T08:02:25.747130,2026-07-07T08:02:25.757621+00:00,157.9,47,ask,,,10584531
2026-07-07T08:02:26.407167,2026-07-07T08:02:26.416341+00:00,158.4,50,bid,,,10584535
2026-07-07T08:02:27.245862,2026-07-07T08:02:27.258042+00:00,157.9,8,ask,,,10584557
2026-07-07T08:02:27.245862,2026-07-07T08:02:27.258042+00:00,157.9,3,ask,,,10584558
2026-07-07T08:02:28.567417,2026-07-07T08:02:28.579009+00:00,157.7,50,ask,,,10584597
2026-07-07T08:02:30.624575,2026-07-07T08:02:30.634116+00:00,158.0,50,bid,,,10584631
2026-07-07T08:02:30.658587,2026-07-07T08:02:30.670266+00:00,158.1,42,bid,,,10584632
2026-07-07T08:02:32.731199,2026-07-07T08:02:32.742872+00:00,158.3,50,bid,,,10584665
2026-07-07T08:02:32.796979,2026-07-07T08:02:32.805625+00:00,158.3,49,bid,,,10584668
2026-07-07T08:02:34.192907,2026-07-07T08:02:34.201886+00:00,158.2,23,ask,,,10584693
2026-07-07T08:02:34.889818,2026-07-07T08:02:34.901635+00:00,158.2,50,ask,,,10584706
2026-07-07T08:02:36.998694,2026-07-07T08:02:37.010763+00:00,158.2,27,ask,,,10584736
2026-07-07T08:02:36.998694,2026-07-07T08:02:37.010763+00:00,157.9,23,ask,,,10584737
2026-07-07T08:02:38.535146,2026-07-07T08:02:38.543020+00:00,158.1,46,ask,,,10584770
2026-07-07T08:02:39.111392,2026-07-07T08:02:39.123369+00:00,158.1,50,ask,,,10584773
2026-07-07T08:02:40.662981,2026-07-07T08:02:40.675664+00:00,158.2,100,ask,,,10584796
2026-07-07T08:02:40.669940,2026-07-07T08:02:40.686444+00:00,158.2,44,bid,,,10584797
2026-07-07T08:02:40.677005,2026-07-07T08:02:40.686444+00:00,158.2,6,bid,,,10584798
2026-07-07T08:02:41.219716,2026-07-07T08:02:41.229728+00:00,157.9,20,ask,,,10584805
2026-07-07T08:02:41.219716,2026-07-07T08:02:41.229728+00:00,157.7,30,ask,,,10584806
2026-07-07T08:02:43.326521,2026-07-07T08:02:43.338854+00:00,157.9,20,ask,,,10584829
2026-07-07T08:02:43.326521,2026-07-07T08:02:43.338854+00:00,157.7,30,ask,,,10584830
2026-07-07T08:02:43.618133,2026-07-07T08:02:43.621860+00:00,158.2,17,bid,,,10584833
2026-07-07T08:02:43.771899,2026-07-07T08:02:43.784116+00:00,158.2,18,bid,,,10584838
2026-07-07T08:02:43.771899,2026-07-07T08:02:43.784116+00:00,158.4,100,bid,,,10584839
2026-07-07T08:02:43.848098,2026-07-07T08:02:43.858604+00:00,158.4,25,ask,,,10584842
2026-07-07T08:02:43.871279,2026-07-07T08:02:43.882368+00:00,158.4,7,ask,,,10584845
2026-07-07T08:02:44.196434,2026-07-07T08:02:44.207227+00:00,158.3,15,bid,,,10584852
2026-07-07T08:02:45.438902,2026-07-07T08:02:45.446797+00:00,157.9,50,ask,,,10584886
2026-07-07T08:02:45.529033,2026-07-07T08:02:45.536279+00:00,157.9,48,ask,,,10584887
2026-07-07T08:02:47.006155,2026-07-07T08:02:47.018267+00:00,158.3,44,bid,,,10584916
2026-07-07T08:02:47.061843,2026-07-07T08:02:47.073704+00:00,158.2,46,ask,,,10584919
2026-07-07T08:02:47.546712,2026-07-07T08:02:47.558555+00:00,158.2,50,ask,,,10584928
2026-07-07T08:02:49.653385,2026-07-07T08:02:49.665548+00:00,158.0,50,ask,,,10584978
2026-07-07T08:02:50.059530,2026-07-07T08:02:50.068588+00:00,158.2,3,bid,,,10584985
2026-07-07T08:02:50.987520,2026-07-07T08:02:50.997398+00:00,158.2,47,bid,,,10584994
2026-07-07T08:02:50.987520,2026-07-07T08:02:50.997398+00:00,158.3,1,bid,,,10584995
2026-07-07T08:02:51.761856,2026-07-07T08:02:51.773710+00:00,158.0,50,ask,,,10585010
2026-07-07T08:02:52.062724,2026-07-07T08:02:52.070249+00:00,158.0,45,ask,,,10585019
2026-07-07T08:02:53.869236,2026-07-07T08:02:53.876098+00:00,158.0,20,ask,,,10585048
2026-07-07T08:02:53.869236,2026-07-07T08:02:53.881092+00:00,157.9,30,ask,,,10585049
2026-07-07T08:02:55.655772,2026-07-07T08:02:55.664778+00:00,158.2,11,bid,,,10585088
2026-07-07T08:02:56.512593,2026-07-07T08:02:56.520695+00:00,158.3,26,bid,,,10585112
2026-07-07T08:02:56.512593,2026-07-07T08:02:56.525939+00:00,158.3,16,bid,,,10585113
2026-07-07T08:02:58.100377,2026-07-07T08:02:58.111970+00:00,158.1,50,ask,,,10585140
2026-07-07T08:03:00.207531,2026-07-07T08:03:00.215126+00:00,158.0,20,ask,,,10585183
2026-07-07T08:03:00.207531,2026-07-07T08:03:00.220374+00:00,157.9,30,ask,,,10585184
2026-07-07T08:03:01.563694,2026-07-07T08:03:01.575734+00:00,158.3,44,bid,,,10585213
2026-07-07T08:03:02.232990,2026-07-07T08:03:02.242353+00:00,158.3,12,bid,,,10585246
2026-07-07T08:03:02.287770,2026-07-07T08:03:02.299618+00:00,158.3,50,bid,,,10585248
2026-07-07T08:03:02.755402,2026-07-07T08:03:02.767511+00:00,158.3,50,bid,,,10585257
2026-07-07T08:03:03.589245,2026-07-07T08:03:03.598257+00:00,158.4,12,ask,,,10585274
2026-07-07T08:03:04.365062,2026-07-07T08:03:04.376932+00:00,158.4,41,ask,,,10585278
2026-07-07T08:03:04.399212,2026-07-07T08:03:04.411306+00:00,158.5,50,bid,,,10585280
2026-07-07T08:03:06.507992,2026-07-07T08:03:06.518786+00:00,158.4,50,bid,,,10585323
2026-07-07T08:03:06.927985,2026-07-07T08:03:06.939852+00:00,158.4,45,bid,,,10585332
2026-07-07T08:03:06.983315,2026-07-07T08:03:06.995063+00:00,158.3,44,ask,,,10585334
2026-07-07T08:03:08.682624,2026-07-07T08:03:08.694512+00:00,158.1,50,ask,,,10585365
2026-07-07T08:03:09.080835,2026-07-07T08:03:09.088387+00:00,158.4,50,bid,,,10585378
2026-07-07T08:03:09.903988,2026-07-07T08:03:09.912606+00:00,158.5,48,bid,,,10585399
2026-07-07T08:03:10.813155,2026-07-07T08:03:10.823154+00:00,158.4,50,ask,,,10585417
2026-07-07T08:03:11.412561,2026-07-07T08:03:11.424651+00:00,158.5,12,bid,,,10585431
2026-07-07T08:03:11.969647,2026-07-07T08:03:11.985442+00:00,158.4,45,ask,,,10585437
2026-07-07T08:03:12.295375,2026-07-07T08:03:12.302185+00:00,158.5,20,ask,,,10585448
2026-07-07T08:03:12.510999,2026-07-07T08:03:12.523473+00:00,158.4,41,ask,,,10585458
2026-07-07T08:03:13.259448,2026-07-07T08:03:13.269345+00:00,158.5,11,bid,,,10585478
2026-07-07T08:03:13.291361,2026-07-07T08:03:13.303244+00:00,158.5,25,bid,,,10585481
2026-07-07T08:03:13.515617,2026-07-07T08:03:13.525206+00:00,158.5,25,bid,,,10585485
2026-07-07T08:03:13.739882,2026-07-07T08:03:13.750477+00:00,158.5,25,bid,,,10585488
2026-07-07T08:03:14.000628,2026-07-07T08:03:14.012345+00:00,158.5,25,bid,,,10585496
2026-07-07T08:03:14.221348,2026-07-07T08:03:14.228846+00:00,158.5,19,bid,,,10585504
2026-07-07T08:03:14.699619,2026-07-07T08:03:14.711248+00:00,158.9,44,bid,,,10585515
2026-07-07T08:03:15.024397,2026-07-07T08:03:15.034832+00:00,158.4,50,ask,,,10585518
2026-07-07T08:03:15.604517,2026-07-07T08:03:15.612620+00:00,158.7,11,ask,,,10585532
2026-07-07T08:03:15.622728,2026-07-07T08:03:15.634307+00:00,158.8,41,bid,,,10585534
2026-07-07T08:03:16.222709,2026-07-07T08:03:16.239321+00:00,158.7,12,ask,,,10585547
2026-07-07T08:03:17.081145,2026-07-07T08:03:17.092991+00:00,158.8,50,bid,,,10585567
2026-07-07T08:03:19.190003,2026-07-07T08:03:19.202203+00:00,158.7,20,bid,,,10585600
2026-07-07T08:03:19.190003,2026-07-07T08:03:19.202203+00:00,158.8,30,bid,,,10585601
2026-07-07T08:03:19.322382,2026-07-07T08:03:19.332788+00:00,158.6,11,ask,,,10585607
2026-07-07T08:03:19.375081,2026-07-07T08:03:19.382504+00:00,158.6,25,ask,,,10585609
2026-07-07T08:03:19.622843,2026-07-07T08:03:19.630868+00:00,158.6,14,ask,,,10585621
2026-07-07T08:03:20.157704,2026-07-07T08:03:20.169458+00:00,158.4,49,ask,,,10585633
2026-07-07T08:03:20.620439,2026-07-07T08:03:20.628074+00:00,158.4,49,ask,,,10585641
2026-07-07T08:03:21.181066,2026-07-07T08:03:21.190398+00:00,158.5,11,bid,,,10585650
2026-07-07T08:03:21.352236,2026-07-07T08:03:21.363892+00:00,158.4,2,ask,,,10585653
2026-07-07T08:03:21.352236,2026-07-07T08:03:21.363892+00:00,158.4,48,ask,,,10585654
2026-07-07T08:03:22.306113,2026-07-07T08:03:22.317743+00:00,158.5,43,bid,,,10585661
2026-07-07T08:03:22.893602,2026-07-07T08:03:22.900310+00:00,158.6,47,bid,,,10585670
2026-07-07T08:03:23.475789,2026-07-07T08:03:23.490665+00:00,158.2,50,ask,,,10585680
2026-07-07T08:03:25.581470,2026-07-07T08:03:25.593470+00:00,158.3,50,ask,,,10585710
2026-07-07T08:03:26.190377,2026-07-07T08:03:26.198890+00:00,158.3,45,ask,,,10585718
2026-07-07T08:03:27.717353,2026-07-07T08:03:27.724781+00:00,158.4,20,ask,,,10585761
2026-07-07T08:03:27.717353,2026-07-07T08:03:27.730242+00:00,158.3,5,ask,,,10585762
2026-07-07T08:03:27.717353,2026-07-07T08:03:27.730242+00:00,158.3,25,ask,,,10585763
2026-07-07T08:03:28.321447,2026-07-07T08:03:28.339586+00:00,158.7,12,bid,,,10585779
2026-07-07T08:03:28.361121,2026-07-07T08:03:28.373206+00:00,158.5,41,ask,,,10585782
2026-07-07T08:03:29.826786,2026-07-07T08:03:29.838579+00:00,158.6,50,ask,,,10585810
2026-07-07T08:03:30.873655,2026-07-07T08:03:30.881776+00:00,158.7,44,bid,,,10585826
2026-07-07T08:03:31.944526,2026-07-07T08:03:31.953061+00:00,158.4,50,ask,,,10585842
2026-07-07T08:03:32.382304,2026-07-07T08:03:32.393113+00:00,158.7,17,bid,,,10585858
2026-07-07T08:03:32.531471,2026-07-07T08:03:32.538451+00:00,158.7,25,bid,,,10585866
2026-07-07T08:03:32.782875,2026-07-07T08:03:32.793078+00:00,158.7,8,bid,,,10585876
2026-07-07T08:03:32.782875,2026-07-07T08:03:32.793078+00:00,158.7,17,bid,,,10585877
2026-07-07T08:03:33.008139,2026-07-07T08:03:33.014876+00:00,158.7,10,bid,,,10585883
2026-07-07T08:03:33.702321,2026-07-07T08:03:33.714142+00:00,158.7,41,bid,,,10585911
2026-07-07T08:03:34.051873,2026-07-07T08:03:34.063670+00:00,158.4,50,ask,,,10585924
2026-07-07T08:03:35.017621,2026-07-07T08:03:35.032746+00:00,158.7,6,ask,,,10585939
2026-07-07T08:03:36.162420,2026-07-07T08:03:36.175581+00:00,158.7,50,ask,,,10585962
2026-07-07T08:03:37.389274,2026-07-07T08:03:37.401188+00:00,158.8,46,bid,,,10585991
2026-07-07T08:03:38.269208,2026-07-07T08:03:38.277384+00:00,158.7,46,ask,,,10586015
2026-07-07T08:03:38.269208,2026-07-07T08:03:38.277384+00:00,158.6,4,ask,,,10586016
2026-07-07T08:03:41.648685,2026-07-07T08:03:41.656191+00:00,158.5,49,ask,,,10586081
2026-07-07T08:03:42.480921,2026-07-07T08:03:42.492435+00:00,158.5,50,ask,,,10586090
2026-07-07T08:03:42.857207,2026-07-07T08:03:42.869101+00:00,158.5,1,ask,,,10586106
2026-07-07T08:03:42.857207,2026-07-07T08:03:42.869101+00:00,158.5,42,ask,,,10586107
2026-07-07T08:03:43.447036,2026-07-07T08:03:43.458610+00:00,158.5,49,ask,,,10586113
2026-07-07T08:03:44.587518,2026-07-07T08:03:44.596575+00:00,158.2,50,ask,,,10586145
2026-07-07T08:03:45.505342,2026-07-07T08:03:45.515685+00:00,158.7,6,bid,,,10586161
2026-07-07T08:03:46.034508,2026-07-07T08:03:46.044589+00:00,158.7,44,bid,,,10586169
2026-07-07T08:03:46.577586,2026-07-07T08:03:46.587620+00:00,158.7,47,bid,,,10586174
2026-07-07T08:03:46.695865,2026-07-07T08:03:46.706480+00:00,158.2,50,ask,,,10586178
2026-07-07T08:03:47.206822,2026-07-07T08:03:47.219041+00:00,158.7,43,bid,,,10586188
2026-07-07T08:03:48.804286,2026-07-07T08:03:48.816352+00:00,158.2,50,ask,,,10586214
2026-07-07T08:03:51.650368,2026-07-07T08:03:51.658546+00:00,158.1,47,ask,,,10586255
2026-07-07T08:03:53.018962,2026-07-07T08:03:53.031061+00:00,158.1,50,ask,,,10586273
2026-07-07T08:03:53.585225,2026-07-07T08:03:53.592796+00:00,158.0,48,ask,,,10586284
2026-07-07T08:03:55.128950,2026-07-07T08:03:55.140512+00:00,158.0,50,ask,,,10586317
2026-07-07T08:03:55.468106,2026-07-07T08:03:55.477271+00:00,158.2,44,bid,,,10586322
2026-07-07T08:03:56.581805,2026-07-07T08:03:56.593535+00:00,158.2,41,ask,,,10586340
2026-07-07T08:03:57.238722,2026-07-07T08:03:57.248771+00:00,158.2,50,ask,,,10586353
2026-07-07T08:03:57.634408,2026-07-07T08:03:57.646102+00:00,158.4,49,bid,,,10586359
2026-07-07T08:03:59.293729,2026-07-07T08:03:59.305661+00:00,158.4,50,bid,,,10586397
2026-07-07T08:04:00.526562,2026-07-07T08:04:00.536025+00:00,158.5,40,bid,,,10586421
2026-07-07T08:04:01.020954,2026-07-07T08:04:01.032601+00:00,158.4,46,ask,,,10586427
2026-07-07T08:04:01.401897,2026-07-07T08:04:01.410644+00:00,158.5,50,bid,,,10586437
2026-07-07T08:04:02.602703,2026-07-07T08:04:02.612544+00:00,158.4,49,ask,,,10586457
2026-07-07T08:04:04.146749,2026-07-07T08:04:04.156111+00:00,158.6,46,bid,,,10586483
2026-07-07T08:04:05.730131,2026-07-07T08:04:05.737677+00:00,158.3,42,ask,,,10586510
2026-07-07T08:04:07.715780,2026-07-07T08:04:07.727251+00:00,158.5,50,bid,,,10586547
2026-07-07T08:04:08.278738,2026-07-07T08:04:08.290422+00:00,158.5,40,bid,,,10586561
2026-07-07T08:04:09.129788,2026-07-07T08:04:09.137751+00:00,158.5,100,bid,,,10586588
2026-07-07T08:04:11.932904,2026-07-07T08:04:11.948037+00:00,159.0,50,bid,,,10586632
2026-07-07T08:04:11.955421,2026-07-07T08:04:11.958553+00:00,159.0,47,bid,,,10586633
2026-07-07T08:04:14.039612,2026-07-07T08:04:14.051820+00:00,159.2,50,bid,,,10586661
2026-07-07T08:04:16.220575,2026-07-07T08:04:16.230607+00:00,158.8,50,ask,,,10586707
2026-07-07T08:04:17.743988,2026-07-07T08:04:17.755674+00:00,158.8,41,ask,,,10586721
2026-07-07T08:04:18.326231,2026-07-07T08:04:18.333564+00:00,158.8,9,ask,,,10586735
2026-07-07T08:04:18.326231,2026-07-07T08:04:18.338620+00:00,158.8,41,ask,,,10586736
2026-07-07T08:04:18.396923,2026-07-07T08:04:18.404996+00:00,159.0,45,bid,,,10586737
2026-07-07T08:04:20.469877,2026-07-07T08:04:20.481912+00:00,158.9,45,ask,,,10586770
2026-07-07T08:04:20.469877,2026-07-07T08:04:20.481912+00:00,158.7,5,ask,,,10586771
2026-07-07T08:04:20.747462,2026-07-07T08:04:20.758504+00:00,158.7,44,ask,,,10586772
2026-07-07T08:04:22.189764,2026-07-07T08:04:22.200330+00:00,159.0,44,bid,,,10586799
2026-07-07T08:04:22.527470,2026-07-07T08:04:22.537279+00:00,159.0,50,bid,,,10586808
2026-07-07T08:04:23.160081,2026-07-07T08:04:23.169071+00:00,158.5,41,ask,,,10586813
2026-07-07T08:04:24.641649,2026-07-07T08:04:24.658574+00:00,159.0,6,bid,,,10586839
2026-07-07T08:04:24.641649,2026-07-07T08:04:24.658574+00:00,159.0,44,bid,,,10586840
2026-07-07T08:04:24.740589,2026-07-07T08:04:24.752178+00:00,159.0,49,bid,,,10586843
2026-07-07T08:04:25.341969,2026-07-07T08:04:25.358594+00:00,158.8,48,ask,,,10586853
2026-07-07T08:04:26.738117,2026-07-07T08:04:26.748699+00:00,158.8,42,ask,,,10586878
2026-07-07T08:04:27.768176,2026-07-07T08:04:27.779969+00:00,158.8,46,ask,,,10586892
2026-07-07T08:04:28.942334,2026-07-07T08:04:28.954113+00:00,158.5,50,ask,,,10586904
2026-07-07T08:04:31.296846,2026-07-07T08:04:31.309580+00:00,158.6,100,bid,,,10586940
2026-07-07T08:04:32.153647,2026-07-07T08:04:32.165416+00:00,159.1,44,bid,,,10586966
2026-07-07T08:04:33.105172,2026-07-07T08:04:33.113925+00:00,159.1,50,bid,,,10586981
2026-07-07T08:04:35.213612,2026-07-07T08:04:35.222018+00:00,159.3,50,bid,,,10587011
2026-07-07T08:04:37.318421,2026-07-07T08:04:37.330314+00:00,159.3,50,bid,,,10587044
2026-07-07T08:04:39.428023,2026-07-07T08:04:39.440103+00:00,159.4,50,bid,,,10587081
2026-07-07T08:04:41.019296,2026-07-07T08:04:41.028103+00:00,159.2,40,ask,,,10587118
2026-07-07T08:04:41.535879,2026-07-07T08:04:41.548024+00:00,159.5,50,bid,,,10587126
2026-07-07T08:04:43.668374,2026-07-07T08:04:43.680666+00:00,159.6,50,bid,,,10587174
2026-07-07T08:04:45.774691,2026-07-07T08:04:45.786877+00:00,159.5,50,bid,,,10587212
2026-07-07T08:04:46.842295,2026-07-07T08:04:46.853007+00:00,159.5,49,bid,,,10587235
2026-07-07T08:04:47.477836,2026-07-07T08:04:47.489482+00:00,159.4,45,ask,,,10587251
2026-07-07T08:04:47.782318,2026-07-07T08:04:47.794159+00:00,159.4,40,ask,,,10587259
2026-07-07T08:04:47.884013,2026-07-07T08:04:47.895663+00:00,159.7,50,bid,,,10587264
2026-07-07T08:04:49.505959,2026-07-07T08:04:49.517924+00:00,159.7,45,bid,,,10587285
2026-07-07T08:04:49.991207,2026-07-07T08:04:50.000879+00:00,159.7,5,bid,,,10587299
2026-07-07T08:04:49.991207,2026-07-07T08:04:50.000879+00:00,159.8,20,bid,,,10587300
2026-07-07T08:04:49.991207,2026-07-07T08:04:50.006125+00:00,159.9,25,bid,,,10587301
2026-07-07T08:04:52.101238,2026-07-07T08:04:52.113065+00:00,159.7,50,bid,,,10587336
2026-07-07T08:04:53.979220,2026-07-07T08:04:53.990845+00:00,159.6,49,ask,,,10587353
2026-07-07T08:04:54.264578,2026-07-07T08:04:54.273909+00:00,159.6,50,ask,,,10587357
2026-07-07T08:04:54.453595,2026-07-07T08:04:54.468871+00:00,159.8,20,bid,,,10587361
2026-07-07T08:04:54.453595,2026-07-07T08:04:54.468871+00:00,160.0,28,bid,,,10587362
2026-07-07T08:04:55.097230,2026-07-07T08:04:55.106660+00:00,159.6,1,ask,,,10587374
2026-07-07T08:04:56.370929,2026-07-07T08:04:56.379873+00:00,159.5,50,ask,,,10587387
2026-07-07T08:04:57.155362,2026-07-07T08:04:57.163602+00:00,159.6,43,bid,,,10587399
2026-07-07T08:04:57.634086,2026-07-07T08:04:57.647892+00:00,159.2,42,ask,,,10587410
2026-07-07T08:04:58.280394,2026-07-07T08:04:58.290954+00:00,159.6,43,bid,,,10587419
2026-07-07T08:04:58.910704,2026-07-07T08:04:58.923002+00:00,159.2,47,ask,,,10587432
2026-07-07T08:04:59.477612,2026-07-07T08:04:59.487175+00:00,159.2,48,ask,,,10587443
2026-07-07T08:04:59.892403,2026-07-07T08:04:59.901398+00:00,159.3,5,ask,,,10587457
2026-07-07T08:04:59.911069,2026-07-07T08:04:59.921881+00:00,159.3,95,ask,,,10587459
2026-07-07T08:04:59.923110,2026-07-07T08:04:59.932849+00:00,159.0,6,bid,,,10587460
2026-07-07T08:05:00.132813,2026-07-07T08:05:00.143267+00:00,159.0,25,bid,,,10587463
2026-07-07T08:05:00.355837,2026-07-07T08:05:00.358555+00:00,159.0,15,bid,,,10587466
2026-07-07T08:05:00.523156,2026-07-07T08:05:00.530882+00:00,159.0,9,bid,,,10587471
2026-07-07T08:05:00.523156,2026-07-07T08:05:00.535855+00:00,159.4,20,bid,,,10587472
2026-07-07T08:05:00.523156,2026-07-07T08:05:00.535855+00:00,159.8,18,bid,,,10587473
2026-07-07T08:05:00.531111,2026-07-07T08:05:00.541239+00:00,159.8,50,bid,,,10587474
2026-07-07T08:05:01.628621,2026-07-07T08:05:01.640457+00:00,159.7,20,bid,,,10587496
2026-07-07T08:05:01.628621,2026-07-07T08:05:01.640457+00:00,159.8,23,bid,,,10587497
2026-07-07T08:05:02.636707,2026-07-07T08:05:02.649076+00:00,159.7,20,bid,,,10587511
2026-07-07T08:05:02.636707,2026-07-07T08:05:02.649076+00:00,159.8,9,bid,,,10587512
2026-07-07T08:05:03.376624,2026-07-07T08:05:03.388608+00:00,159.5,41,ask,,,10587532
2026-07-07T08:05:04.292850,2026-07-07T08:05:04.302441+00:00,159.5,17,ask,,,10587550
2026-07-07T08:05:04.747653,2026-07-07T08:05:04.759594+00:00,159.9,50,bid,,,10587558
2026-07-07T08:05:06.118174,2026-07-07T08:05:06.125577+00:00,159.8,50,bid,,,10587577
2026-07-07T08:05:06.125822,2026-07-07T08:05:06.135836+00:00,159.8,47,ask,,,10587578
2026-07-07T08:05:06.241963,2026-07-07T08:05:06.250455+00:00,159.8,3,ask,,,10587580
2026-07-07T08:05:06.853846,2026-07-07T08:05:06.858565+00:00,159.8,50,bid,,,10587597
2026-07-07T08:05:07.703743,2026-07-07T08:05:07.715405+00:00,159.8,43,bid,,,10587621
2026-07-07T08:05:09.017876,2026-07-07T08:05:09.029142+00:00,159.6,50,ask,,,10587661
2026-07-07T08:05:09.269207,2026-07-07T08:05:09.281034+00:00,159.8,43,bid,,,10587662
2026-07-07T08:05:09.543075,2026-07-07T08:05:09.554390+00:00,159.8,23,ask,,,10587673
2026-07-07T08:05:09.599844,2026-07-07T08:05:09.606651+00:00,159.8,25,ask,,,10587676
2026-07-07T08:05:09.827141,2026-07-07T08:05:09.838475+00:00,159.8,25,ask,,,10587679
2026-07-07T08:05:10.047764,2026-07-07T08:05:10.054527+00:00,159.8,25,ask,,,10587686
2026-07-07T08:05:10.099068,2026-07-07T08:05:10.110170+00:00,159.9,11,bid,,,10587692
2026-07-07T08:05:10.485122,2026-07-07T08:05:10.494858+00:00,159.9,47,bid,,,10587698
2026-07-07T08:05:11.127515,2026-07-07T08:05:11.139348+00:00,159.8,50,ask,,,10587715
2026-07-07T08:05:11.655472,2026-07-07T08:05:11.667200+00:00,159.8,2,ask,,,10587721
2026-07-07T08:05:11.655472,2026-07-07T08:05:11.667200+00:00,159.7,45,ask,,,10587722
2026-07-07T08:05:13.114258,2026-07-07T08:05:13.126057+00:00,159.8,29,bid,,,10587740
2026-07-07T08:05:13.235097,2026-07-07T08:05:13.247106+00:00,159.7,5,ask,,,10587743
2026-07-07T08:05:13.235097,2026-07-07T08:05:13.247106+00:00,159.7,45,ask,,,10587744
2026-07-07T08:05:13.270604,2026-07-07T08:05:13.278444+00:00,159.8,25,bid,,,10587747
2026-07-07T08:05:13.492763,2026-07-07T08:05:13.503891+00:00,159.8,25,bid,,,10587752
2026-07-07T08:05:13.732326,2026-07-07T08:05:13.743635+00:00,159.8,25,bid,,,10587758
2026-07-07T08:05:13.956154,2026-07-07T08:05:13.963927+00:00,159.8,25,bid,,,10587765
2026-07-07T08:05:14.179403,2026-07-07T08:05:14.188552+00:00,159.8,21,bid,,,10587769
2026-07-07T08:05:14.255082,2026-07-07T08:05:14.263647+00:00,159.7,43,ask,,,10587771
2026-07-07T08:05:14.917667,2026-07-07T08:05:14.926497+00:00,160.2,41,bid,,,10587784
2026-07-07T08:05:15.343084,2026-07-07T08:05:15.352285+00:00,159.7,12,ask,,,10587794
2026-07-07T08:05:15.343084,2026-07-07T08:05:15.352285+00:00,159.7,38,ask,,,10587795
2026-07-07T08:05:15.693342,2026-07-07T08:05:15.701715+00:00,160.1,6,ask,,,10587801
2026-07-07T08:05:16.537456,2026-07-07T08:05:16.545853+00:00,160.1,48,ask,,,10587818
2026-07-07T08:05:16.573148,2026-07-07T08:05:16.583124+00:00,160.1,5,ask,,,10587820
2026-07-07T08:05:17.401802,2026-07-07T08:05:17.413785+00:00,160.1,6,ask,,,10587833
2026-07-07T08:05:17.460334,2026-07-07T08:05:17.470236+00:00,160.1,50,ask,,,10587839
2026-07-07T08:05:18.702132,2026-07-07T08:05:18.714281+00:00,160.2,43,bid,,,10587863
2026-07-07T08:05:18.759878,2026-07-07T08:05:18.766908+00:00,160.1,35,ask,,,10587867
2026-07-07T08:05:19.333912,2026-07-07T08:05:19.345531+00:00,159.7,49,ask,,,10587872
2026-07-07T08:05:19.515871,2026-07-07T08:05:19.528015+00:00,159.9,50,bid,,,10587875
2026-07-07T08:05:20.031611,2026-07-07T08:05:20.043537+00:00,159.9,11,bid,,,10587886
2026-07-07T08:05:20.198538,2026-07-07T08:05:20.205842+00:00,159.9,45,bid,,,10587891
2026-07-07T08:05:21.624300,2026-07-07T08:05:21.635841+00:00,159.9,44,bid,,,10587918
2026-07-07T08:05:22.003420,2026-07-07T08:05:22.015574+00:00,160.1,50,bid,,,10587923
2026-07-07T08:05:22.003420,2026-07-07T08:05:22.015574+00:00,160.1,20,bid,,,10587924
2026-07-07T08:05:22.010175,2026-07-07T08:05:22.020858+00:00,160.1,80,ask,,,10587925
2026-07-07T08:05:22.816947,2026-07-07T08:05:22.827770+00:00,160.1,20,bid,,,10587946
2026-07-07T08:05:22.816947,2026-07-07T08:05:22.833021+00:00,160.2,20,bid,,,10587947
2026-07-07T08:05:22.816947,2026-07-07T08:05:22.833021+00:00,160.6,3,bid,,,10587948
2026-07-07T08:05:23.347042,2026-07-07T08:05:23.358977+00:00,160.2,20,bid,,,10587956
2026-07-07T08:05:23.734915,2026-07-07T08:05:23.745359+00:00,160.3,20,bid,,,10587961
2026-07-07T08:05:24.400220,2026-07-07T08:05:24.409465+00:00,159.7,40,ask,,,10587977
2026-07-07T08:05:24.898478,2026-07-07T08:05:24.907794+00:00,160.3,20,bid,,,10587981
2026-07-07T08:05:24.898478,2026-07-07T08:05:24.907794+00:00,160.6,26,bid,,,10587982
2026-07-07T08:05:26.009832,2026-07-07T08:05:26.021592+00:00,159.9,44,ask,,,10588000
2026-07-07T08:05:27.944619,2026-07-07T08:05:27.952193+00:00,160.1,50,bid,,,10588031
2026-07-07T08:05:30.070994,2026-07-07T08:05:30.079345+00:00,160.1,50,bid,,,10588065
2026-07-07T08:05:32.179829,2026-07-07T08:05:32.190427+00:00,160.1,50,bid,,,10588096
2026-07-07T08:05:33.026033,2026-07-07T08:05:33.038000+00:00,159.8,45,ask,,,10588101
2026-07-07T08:05:34.664089,2026-07-07T08:05:34.673992+00:00,160.2,41,bid,,,10588127
2026-07-07T08:05:35.260373,2026-07-07T08:05:35.268829+00:00,160.2,9,bid,,,10588130
2026-07-07T08:05:35.260373,2026-07-07T08:05:35.273861+00:00,160.2,33,bid,,,10588131
2026-07-07T08:05:35.906129,2026-07-07T08:05:35.918042+00:00,159.9,43,ask,,,10588153
2026-07-07T08:05:36.440685,2026-07-07T08:05:36.447425+00:00,159.9,50,ask,,,10588161
2026-07-07T08:05:37.339288,2026-07-07T08:05:37.358568+00:00,159.9,7,ask,,,10588188
2026-07-07T08:05:37.339288,2026-07-07T08:05:37.358568+00:00,159.9,35,ask,,,10588189
2026-07-07T08:05:37.418351,2026-07-07T08:05:37.427141+00:00,159.9,11,ask,,,10588191
2026-07-07T08:05:37.820346,2026-07-07T08:05:37.832277+00:00,159.9,4,ask,,,10588199
2026-07-07T08:05:38.497344,2026-07-07T08:05:38.505476+00:00,159.9,50,bid,,,10588206
2026-07-07T08:05:38.538647,2026-07-07T08:05:38.547340+00:00,159.9,43,bid,,,10588208
2026-07-07T08:05:40.602754,2026-07-07T08:05:40.614694+00:00,159.9,3,bid,,,10588241
2026-07-07T08:05:40.602754,2026-07-07T08:05:40.614694+00:00,159.9,47,bid,,,10588242
2026-07-07T08:05:41.610171,2026-07-07T08:05:41.621997+00:00,159.8,41,ask,,,10588266
2026-07-07T08:05:42.783724,2026-07-07T08:05:42.795421+00:00,159.8,50,ask,,,10588289
2026-07-07T08:05:44.838908,2026-07-07T08:05:44.849772+00:00,159.9,50,bid,,,10588334
2026-07-07T08:05:46.450054,2026-07-07T08:05:46.458560+00:00,159.9,41,bid,,,10588371
2026-07-07T08:05:46.952057,2026-07-07T08:05:46.958580+00:00,159.9,9,bid,,,10588376
2026-07-07T08:05:46.952057,2026-07-07T08:05:46.958580+00:00,160.0,41,bid,,,10588377
2026-07-07T08:05:48.805772,2026-07-07T08:05:48.818015+00:00,159.7,17,ask,,,10588402
2026-07-07T08:05:48.805772,2026-07-07T08:05:48.818015+00:00,159.6,27,ask,,,10588403
2026-07-07T08:05:49.093246,2026-07-07T08:05:49.105411+00:00,159.9,20,bid,,,10588418
2026-07-07T08:05:49.093246,2026-07-07T08:05:49.105411+00:00,160.0,9,bid,,,10588419
2026-07-07T08:05:49.093246,2026-07-07T08:05:49.105411+00:00,160.1,21,bid,,,10588420
2026-07-07T08:05:49.269029,2026-07-07T08:05:49.280770+00:00,160.1,47,bid,,,10588421
2026-07-07T08:05:49.804396,2026-07-07T08:05:49.816038+00:00,159.6,48,ask,,,10588436
2026-07-07T08:05:51.202156,2026-07-07T08:05:51.214049+00:00,160.0,20,bid,,,10588475
2026-07-07T08:05:51.202156,2026-07-07T08:05:51.214049+00:00,160.1,30,bid,,,10588476
2026-07-07T08:05:52.421244,2026-07-07T08:05:52.433482+00:00,160.1,48,bid,,,10588492
2026-07-07T08:05:52.903537,2026-07-07T08:05:52.915116+00:00,160.1,22,bid,,,10588502
2026-07-07T08:05:52.903537,2026-07-07T08:05:52.915116+00:00,160.1,25,bid,,,10588503
2026-07-07T08:05:53.332251,2026-07-07T08:05:53.344630+00:00,160.0,50,bid,,,10588512
2026-07-07T08:05:53.587986,2026-07-07T08:05:53.597434+00:00,159.9,12,ask,,,10588525
2026-07-07T08:05:53.823827,2026-07-07T08:05:53.832304+00:00,159.9,25,ask,,,10588533
2026-07-07T08:05:54.045546,2026-07-07T08:05:54.052678+00:00,159.9,21,ask,,,10588535
2026-07-07T08:05:55.450233,2026-07-07T08:05:55.464030+00:00,160.2,50,bid,,,10588561
2026-07-07T08:05:56.824877,2026-07-07T08:05:56.833456+00:00,160.1,11,ask,,,10588591
2026-07-07T08:05:57.599097,2026-07-07T08:05:57.611275+00:00,160.3,35,bid,,,10588611
2026-07-07T08:05:57.599097,2026-07-07T08:05:57.611275+00:00,160.4,15,bid,,,10588612
2026-07-07T08:05:58.215788,2026-07-07T08:05:58.227642+00:00,160.1,43,ask,,,10588624
2026-07-07T08:05:59.709055,2026-07-07T08:05:59.720704+00:00,160.4,50,bid,,,10588657
2026-07-07T08:05:59.902825,2026-07-07T08:05:59.910577+00:00,160.6,100,bid,,,10588667
2026-07-07T08:06:00.730444,2026-07-07T08:06:00.739208+00:00,161.0,34,ask,,,10588689
2026-07-07T08:06:01.815067,2026-07-07T08:06:01.824916+00:00,161.3,50,bid,,,10588720
2026-07-07T08:06:03.149714,2026-07-07T08:06:03.158585+00:00,160.9,44,bid,,,10588745
2026-07-07T08:06:03.203128,2026-07-07T08:06:03.212988+00:00,160.8,42,ask,,,10588748
2026-07-07T08:06:03.923119,2026-07-07T08:06:03.934781+00:00,160.9,50,bid,,,10588763
2026-07-07T08:06:06.048188,2026-07-07T08:06:06.058586+00:00,160.9,6,bid,,,10588803
2026-07-07T08:06:06.048188,2026-07-07T08:06:06.058586+00:00,161.1,44,bid,,,10588804
2026-07-07T08:06:07.216475,2026-07-07T08:06:07.228833+00:00,160.5,44,ask,,,10588823
2026-07-07T08:06:08.156349,2026-07-07T08:06:08.163651+00:00,160.8,5,bid,,,10588842
2026-07-07T08:06:08.156349,2026-07-07T08:06:08.168937+00:00,161.0,45,bid,,,10588843
2026-07-07T08:06:08.715139,2026-07-07T08:06:08.726818+00:00,160.5,47,ask,,,10588857
2026-07-07T08:06:10.286650,2026-07-07T08:06:10.294969+00:00,161.0,50,bid,,,10588886
2026-07-07T08:06:12.394407,2026-07-07T08:06:12.406293+00:00,160.9,37,bid,,,10588924
2026-07-07T08:06:12.394407,2026-07-07T08:06:12.406293+00:00,161.0,13,bid,,,10588925
2026-07-07T08:06:13.664479,2026-07-07T08:06:13.679303+00:00,161.2,42,bid,,,10588957
2026-07-07T08:06:14.232768,2026-07-07T08:06:14.240687+00:00,160.7,48,ask,,,10588973
2026-07-07T08:06:14.515333,2026-07-07T08:06:14.522097+00:00,161.2,50,bid,,,10588983
2026-07-07T08:06:14.818660,2026-07-07T08:06:14.828662+00:00,161.2,8,bid,,,10588991
2026-07-07T08:06:14.818660,2026-07-07T08:06:14.828662+00:00,161.2,40,bid,,,10588992
2026-07-07T08:06:16.347672,2026-07-07T08:06:16.352100+00:00,161.0,41,ask,,,10589029
2026-07-07T08:06:16.515165,2026-07-07T08:06:16.525694+00:00,161.0,12,ask,,,10589033
2026-07-07T08:06:16.621627,2026-07-07T08:06:16.633453+00:00,161.4,50,bid,,,10589038
2026-07-07T08:06:18.733115,2026-07-07T08:06:18.745229+00:00,161.4,50,bid,,,10589070
2026-07-07T08:06:18.893988,2026-07-07T08:06:18.902279+00:00,161.1,11,ask,,,10589071
2026-07-07T08:06:19.043216,2026-07-07T08:06:19.054151+00:00,161.1,89,ask,,,10589073
2026-07-07T08:06:20.841673,2026-07-07T08:06:20.853276+00:00,161.1,50,bid,,,10589106
2026-07-07T08:06:21.962428,2026-07-07T08:06:21.974034+00:00,161.1,11,bid,,,10589133
2026-07-07T08:06:21.962428,2026-07-07T08:06:21.974034+00:00,161.6,29,bid,,,10589134
2026-07-07T08:06:22.170016,2026-07-07T08:06:22.179061+00:00,161.2,3,ask,,,10589137
2026-07-07T08:06:22.981237,2026-07-07T08:06:22.993090+00:00,161.4,50,bid,,,10589148
2026-07-07T08:06:23.748113,2026-07-07T08:06:23.756192+00:00,161.2,44,ask,,,10589174
2026-07-07T08:06:24.216679,2026-07-07T08:06:24.224724+00:00,161.4,42,bid,,,10589178
2026-07-07T08:06:24.838411,2026-07-07T08:06:24.846816+00:00,161.4,8,bid,,,10589200
2026-07-07T08:06:25.170377,2026-07-07T08:06:25.179591+00:00,161.2,50,ask,,,10589209
2026-07-07T08:06:25.680508,2026-07-07T08:06:25.688344+00:00,161.4,3,ask,,,10589219
2026-07-07T08:06:27.004834,2026-07-07T08:06:27.019685+00:00,161.4,11,ask,,,10589248
2026-07-07T08:06:27.282265,2026-07-07T08:06:27.294008+00:00,161.4,50,ask,,,10589256
2026-07-07T08:06:28.559399,2026-07-07T08:06:28.568957+00:00,161.4,11,bid,,,10589284
2026-07-07T08:06:29.352209,2026-07-07T08:06:29.364162+00:00,161.4,50,bid,,,10589291
2026-07-07T08:06:29.489651,2026-07-07T08:06:29.503584+00:00,161.4,3,bid,,,10589292
2026-07-07T08:06:30.306583,2026-07-07T08:06:30.315899+00:00,161.1,46,ask,,,10589315
2026-07-07T08:06:31.483015,2026-07-07T08:06:31.491350+00:00,161.4,50,bid,,,10589335
2026-07-07T08:06:31.917039,2026-07-07T08:06:31.926104+00:00,161.5,3,ask,,,10589344
2026-07-07T08:06:33.653343,2026-07-07T08:06:33.669008+00:00,161.5,50,ask,,,10589382
2026-07-07T08:06:34.218622,2026-07-07T08:06:34.230466+00:00,161.5,45,ask,,,10589399
2026-07-07T08:06:34.711996,2026-07-07T08:06:34.721662+00:00,162.0,44,bid,,,10589403
2026-07-07T08:06:35.761962,2026-07-07T08:06:35.770185+00:00,161.3,50,ask,,,10589425
2026-07-07T08:06:35.794806,2026-07-07T08:06:35.806678+00:00,161.6,49,bid,,,10589426
2026-07-07T08:06:37.846924,2026-07-07T08:06:37.859064+00:00,161.3,48,ask,,,10589460
2026-07-07T08:06:37.888962,2026-07-07T08:06:37.900639+00:00,161.3,50,ask,,,10589461
2026-07-07T08:06:38.038690,2026-07-07T08:06:38.050657+00:00,161.3,100,ask,,,10589465
2026-07-07T08:06:38.051802,2026-07-07T08:06:38.062149+00:00,161.2,3,bid,,,10589466
2026-07-07T08:06:39.901761,2026-07-07T08:06:39.913743+00:00,161.2,47,bid,,,10589499
2026-07-07T08:06:39.901761,2026-07-07T08:06:39.913743+00:00,161.8,2,bid,,,10589500
2026-07-07T08:06:39.996127,2026-07-07T08:06:40.007964+00:00,160.7,50,ask,,,10589501
2026-07-07T08:06:42.101948,2026-07-07T08:06:42.113840+00:00,161.0,50,ask,,,10589530
2026-07-07T08:06:43.555247,2026-07-07T08:06:43.567330+00:00,161.4,46,bid,,,10589564
2026-07-07T08:06:44.209213,2026-07-07T08:06:44.220882+00:00,161.0,50,ask,,,10589580
2026-07-07T08:06:45.229459,2026-07-07T08:06:45.238408+00:00,161.2,14,bid,,,10589595
2026-07-07T08:06:46.315318,2026-07-07T08:06:46.327327+00:00,161.1,50,ask,,,10589630
2026-07-07T08:06:47.628855,2026-07-07T08:06:47.640543+00:00,161.1,49,ask,,,10589656
2026-07-07T08:06:48.423794,2026-07-07T08:06:48.434551+00:00,161.1,50,ask,,,10589669
2026-07-07T08:06:48.663137,2026-07-07T08:06:48.684916+00:00,161.1,1,ask,,,10589671
2026-07-07T08:06:48.663137,2026-07-07T08:06:48.684916+00:00,160.9,48,ask,,,10589672
2026-07-07T08:06:49.286210,2026-07-07T08:06:49.298158+00:00,161.4,47,bid,,,10589693
2026-07-07T08:06:50.332075,2026-07-07T08:06:50.343016+00:00,160.9,47,ask,,,10589718
2026-07-07T08:06:50.534115,2026-07-07T08:06:50.541131+00:00,160.9,50,ask,,,10589720
2026-07-07T08:06:50.751309,2026-07-07T08:06:50.759885+00:00,160.9,12,bid,,,10589725
2026-07-07T08:06:51.292605,2026-07-07T08:06:51.303564+00:00,160.9,11,bid,,,10589734
2026-07-07T08:06:52.641484,2026-07-07T08:06:52.653020+00:00,160.7,50,ask,,,10589752
2026-07-07T08:06:54.464923,2026-07-07T08:06:54.476615+00:00,160.9,43,bid,,,10589784
2026-07-07T08:06:54.747987,2026-07-07T08:06:54.752613+00:00,160.7,50,ask,,,10589792
2026-07-07T08:06:56.855392,2026-07-07T08:06:56.858551+00:00,160.7,50,ask,,,10589829
2026-07-07T08:06:57.662290,2026-07-07T08:06:57.670564+00:00,160.6,20,ask,,,10589846
2026-07-07T08:06:57.662290,2026-07-07T08:06:57.670564+00:00,160.5,28,ask,,,10589847
2026-07-07T08:06:58.963547,2026-07-07T08:06:58.976004+00:00,160.5,50,ask,,,10589875
2026-07-07T08:06:59.142685,2026-07-07T08:06:59.153423+00:00,160.6,20,ask,,,10589877
2026-07-07T08:06:59.615805,2026-07-07T08:06:59.624741+00:00,160.9,41,bid,,,10589892
2026-07-07T08:07:00.226516,2026-07-07T08:07:00.245109+00:00,160.6,30,ask,,,10589901
2026-07-07T08:07:00.236317,2026-07-07T08:07:00.245109+00:00,160.5,12,bid,,,10589903
2026-07-07T08:07:01.071166,2026-07-07T08:07:01.080582+00:00,160.4,50,ask,,,10589920
2026-07-07T08:07:03.177037,2026-07-07T08:07:03.189101+00:00,160.1,20,ask,,,10589965
2026-07-07T08:07:03.177037,2026-07-07T08:07:03.189101+00:00,160.0,30,ask,,,10589966
2026-07-07T08:07:05.287703,2026-07-07T08:07:05.297816+00:00,160.1,50,ask,,,10590006
2026-07-07T08:07:07.342510,2026-07-07T08:07:07.363621+00:00,160.4,50,bid,,,10590037
2026-07-07T08:07:09.462173,2026-07-07T08:07:09.474144+00:00,160.3,50,bid,,,10590073
2026-07-07T08:07:11.621021,2026-07-07T08:07:11.630616+00:00,160.1,50,ask,,,10590114
2026-07-07T08:07:12.027557,2026-07-07T08:07:12.038129+00:00,160.0,20,ask,,,10590122
2026-07-07T08:07:13.742245,2026-07-07T08:07:13.749092+00:00,159.9,20,ask,,,10590162
2026-07-07T08:07:13.742245,2026-07-07T08:07:13.754344+00:00,159.8,30,ask,,,10590163
2026-07-07T08:07:14.826406,2026-07-07T08:07:14.837198+00:00,160.1,45,bid,,,10590186
2026-07-07T08:07:15.299359,2026-07-07T08:07:15.310549+00:00,159.9,47,ask,,,10590196
2026-07-07T08:07:15.850858,2026-07-07T08:07:15.857465+00:00,159.9,3,ask,,,10590200
2026-07-07T08:07:15.850858,2026-07-07T08:07:15.857465+00:00,159.8,20,ask,,,10590201
2026-07-07T08:07:15.850858,2026-07-07T08:07:15.857465+00:00,159.6,27,ask,,,10590202
2026-07-07T08:07:16.710296,2026-07-07T08:07:16.722058+00:00,160.0,22,bid,,,10590209
2026-07-07T08:07:16.801456,2026-07-07T08:07:16.813424+00:00,160.0,28,bid,,,10590211
2026-07-07T08:07:16.801456,2026-07-07T08:07:16.813424+00:00,160.1,12,bid,,,10590212
2026-07-07T08:07:16.858178,2026-07-07T08:07:16.868839+00:00,159.9,46,ask,,,10590216
2026-07-07T08:07:17.960763,2026-07-07T08:07:17.972488+00:00,159.9,50,ask,,,10590236
2026-07-07T08:07:18.494696,2026-07-07T08:07:18.506525+00:00,160.1,48,bid,,,10590245
2026-07-07T08:07:20.034077,2026-07-07T08:07:20.044905+00:00,160.1,42,bid,,,10590276
2026-07-07T08:07:20.068293,2026-07-07T08:07:20.078054+00:00,160.0,50,ask,,,10590277
2026-07-07T08:07:21.544391,2026-07-07T08:07:21.558547+00:00,160.0,41,ask,,,10590300
2026-07-07T08:07:22.187541,2026-07-07T08:07:22.196684+00:00,160.0,50,ask,,,10590304
2026-07-07T08:07:22.405036,2026-07-07T08:07:22.416961+00:00,160.0,35,ask,,,10590305
2026-07-07T08:07:22.405036,2026-07-07T08:07:22.416961+00:00,159.8,20,ask,,,10590306
2026-07-07T08:07:22.418268,2026-07-07T08:07:22.426897+00:00,159.8,12,bid,,,10590307
2026-07-07T08:07:22.759619,2026-07-07T08:07:22.768850+00:00,159.8,11,bid,,,10590320
2026-07-07T08:07:22.946304,2026-07-07T08:07:22.953045+00:00,159.8,25,bid,,,10590323
2026-07-07T08:07:23.169715,2026-07-07T08:07:23.179368+00:00,159.8,25,bid,,,10590326
2026-07-07T08:07:23.407316,2026-07-07T08:07:23.416867+00:00,159.8,22,bid,,,10590331
2026-07-07T08:07:23.520489,2026-07-07T08:07:23.532067+00:00,160.1,42,bid,,,10590335
2026-07-07T08:07:23.575053,2026-07-07T08:07:23.586751+00:00,159.9,46,ask,,,10590336
2026-07-07T08:07:24.294558,2026-07-07T08:07:24.305873+00:00,159.9,4,ask,,,10590348
2026-07-07T08:07:24.294558,2026-07-07T08:07:24.305873+00:00,159.6,46,ask,,,10590349
2026-07-07T08:07:24.931371,2026-07-07T08:07:24.943126+00:00,160.1,45,bid,,,10590362
2026-07-07T08:07:25.588184,2026-07-07T08:07:25.600131+00:00,159.9,45,ask,,,10590367
2026-07-07T08:07:26.117690,2026-07-07T08:07:26.129417+00:00,160.2,47,bid,,,10590383
2026-07-07T08:07:26.292787,2026-07-07T08:07:26.309838+00:00,159.9,11,ask,,,10590387
2026-07-07T08:07:26.403045,2026-07-07T08:07:26.414625+00:00,159.9,50,ask,,,10590393
2026-07-07T08:07:28.512181,2026-07-07T08:07:28.522978+00:00,159.9,44,ask,,,10590424
2026-07-07T08:07:28.512181,2026-07-07T08:07:28.522978+00:00,159.8,6,ask,,,10590425
2026-07-07T08:07:28.763781,2026-07-07T08:07:28.782477+00:00,159.8,31,ask,,,10590432
2026-07-07T08:07:28.763781,2026-07-07T08:07:28.782477+00:00,159.8,100,ask,,,10590433
2026-07-07T08:07:28.931530,2026-07-07T08:07:28.943509+00:00,159.5,17,bid,,,10590438
2026-07-07T08:07:30.210114,2026-07-07T08:07:30.219662+00:00,159.5,20,ask,,,10590456
2026-07-07T08:07:30.210114,2026-07-07T08:07:30.219662+00:00,159.2,21,ask,,,10590457
2026-07-07T08:07:30.626444,2026-07-07T08:07:30.638211+00:00,159.4,20,ask,,,10590465
2026-07-07T08:07:31.778219,2026-07-07T08:07:31.795484+00:00,159.2,44,ask,,,10590495
2026-07-07T08:07:32.325663,2026-07-07T08:07:32.337654+00:00,159.7,44,bid,,,10590507
2026-07-07T08:07:32.682530,2026-07-07T08:07:32.694372+00:00,159.7,50,bid,,,10590510
2026-07-07T08:07:34.366797,2026-07-07T08:07:34.374699+00:00,159.7,6,bid,,,10590536
2026-07-07T08:07:34.366797,2026-07-07T08:07:34.379675+00:00,159.7,19,bid,,,10590537
2026-07-07T08:07:34.589332,2026-07-07T08:07:34.600589+00:00,159.7,20,bid,,,10590542
2026-07-07T08:07:34.893425,2026-07-07T08:07:34.900689+00:00,159.7,100,bid,,,10590548
2026-07-07T08:07:35.035871,2026-07-07T08:07:35.061879+00:00,159.9,50,bid,,,10590554
2026-07-07T08:07:35.035871,2026-07-07T08:07:35.061879+00:00,160.0,20,bid,,,10590555
2026-07-07T08:07:35.047032,2026-07-07T08:07:35.061879+00:00,160.1,25,ask,,,10590556
2026-07-07T08:07:35.049558,2026-07-07T08:07:35.061879+00:00,160.1,40,ask,,,10590557
2026-07-07T08:07:35.275588,2026-07-07T08:07:35.283038+00:00,160.1,15,ask,,,10590566
2026-07-07T08:07:36.897031,2026-07-07T08:07:36.908773+00:00,160.1,20,bid,,,10590598
2026-07-07T08:07:37.875897,2026-07-07T08:07:37.885777+00:00,159.8,40,ask,,,10590612
2026-07-07T08:07:38.947367,2026-07-07T08:07:38.958534+00:00,159.9,47,bid,,,10590634
2026-07-07T08:07:39.006071,2026-07-07T08:07:39.015447+00:00,159.9,50,bid,,,10590635
2026-07-07T08:07:39.423523,2026-07-07T08:07:39.432955+00:00,159.9,3,bid,,,10590644
2026-07-07T08:07:40.447357,2026-07-07T08:07:40.458596+00:00,159.5,48,ask,,,10590665
2026-07-07T08:07:40.786190,2026-07-07T08:07:40.795119+00:00,160.0,11,bid,,,10590673
2026-07-07T08:07:41.115043,2026-07-07T08:07:41.128017+00:00,160.0,50,bid,,,10590678
2026-07-07T08:07:41.506667,2026-07-07T08:07:41.518492+00:00,159.7,43,ask,,,10590684
2026-07-07T08:07:43.287124,2026-07-07T08:07:43.297531+00:00,159.7,50,ask,,,10590725
2026-07-07T08:07:45.133344,2026-07-07T08:07:45.145081+00:00,159.9,43,bid,,,10590745
2026-07-07T08:07:45.395615,2026-07-07T08:07:45.407113+00:00,159.5,50,ask,,,10590752
2026-07-07T08:07:45.623056,2026-07-07T08:07:45.634885+00:00,159.6,41,ask,,,10590757
2026-07-07T08:07:47.451206,2026-07-07T08:07:47.458545+00:00,159.9,7,bid,,,10590794
2026-07-07T08:07:47.451206,2026-07-07T08:07:47.458545+00:00,160.0,43,bid,,,10590795
2026-07-07T08:07:48.137243,2026-07-07T08:07:48.154299+00:00,159.8,40,bid,,,10590803
2026-07-07T08:07:49.117802,2026-07-07T08:07:49.128680+00:00,159.8,49,bid,,,10590825
2026-07-07T08:07:49.584590,2026-07-07T08:07:49.596741+00:00,159.8,11,bid,,,10590833
2026-07-07T08:07:49.584590,2026-07-07T08:07:49.596741+00:00,159.8,39,bid,,,10590834
2026-07-07T08:07:50.022777,2026-07-07T08:07:50.031964+00:00,159.5,5,ask,,,10590840
2026-07-07T08:07:50.022777,2026-07-07T08:07:50.031964+00:00,159.3,42,ask,,,10590841
2026-07-07T08:07:51.110048,2026-07-07T08:07:51.122058+00:00,159.7,40,bid,,,10590854
2026-07-07T08:07:51.695873,2026-07-07T08:07:51.704307+00:00,159.7,50,bid,,,10590868
2026-07-07T08:07:53.822291,2026-07-07T08:07:53.833882+00:00,159.6,50,bid,,,10590897
2026-07-07T08:07:53.878748,2026-07-07T08:07:53.890367+00:00,159.2,41,ask,,,10590898
2026-07-07T08:07:54.086263,2026-07-07T08:07:54.098073+00:00,159.4,100,ask,,,10590903
2026-07-07T08:07:55.737112,2026-07-07T08:07:55.748731+00:00,159.4,44,bid,,,10590932
2026-07-07T08:07:55.928953,2026-07-07T08:07:55.938723+00:00,159.4,6,bid,,,10590935
2026-07-07T08:07:55.928953,2026-07-07T08:07:55.938723+00:00,159.5,44,bid,,,10590936
2026-07-07T08:07:57.198213,2026-07-07T08:07:57.209390+00:00,159.5,6,bid,,,10590959
2026-07-07T08:07:57.198213,2026-07-07T08:07:57.209390+00:00,159.5,20,bid,,,10590960
2026-07-07T08:07:57.198213,2026-07-07T08:07:57.209390+00:00,159.5,100,bid,,,10590961
2026-07-07T08:07:57.271585,2026-07-07T08:07:57.280389+00:00,159.5,11,ask,,,10590970
2026-07-07T08:07:57.455690,2026-07-07T08:07:57.464949+00:00,159.5,13,ask,,,10590975
2026-07-07T08:07:59.327757,2026-07-07T08:07:59.338216+00:00,159.3,44,ask,,,10591015
2026-07-07T08:08:00.430894,2026-07-07T08:08:00.440557+00:00,159.4,11,bid,,,10591031
2026-07-07T08:08:00.465156,2026-07-07T08:08:00.476819+00:00,159.4,44,bid,,,10591033
2026-07-07T08:08:02.338965,2026-07-07T08:08:02.348598+00:00,159.3,50,ask,,,10591064
2026-07-07T08:08:04.099451,2026-07-07T08:08:04.111110+00:00,159.4,41,bid,,,10591094
2026-07-07T08:08:04.457106,2026-07-07T08:08:04.469037+00:00,159.2,50,ask,,,10591098
2026-07-07T08:08:05.770382,2026-07-07T08:08:05.780697+00:00,159.3,44,ask,,,10591117
2026-07-07T08:08:06.570068,2026-07-07T08:08:06.580517+00:00,159.3,6,ask,,,10591137
2026-07-07T08:08:06.570068,2026-07-07T08:08:06.580517+00:00,159.1,44,ask,,,10591138
2026-07-07T08:08:06.962175,2026-07-07T08:08:06.973785+00:00,159.4,9,bid,,,10591144
2026-07-07T08:08:06.962175,2026-07-07T08:08:06.973785+00:00,159.4,40,bid,,,10591145
2026-07-07T08:08:07.016980,2026-07-07T08:08:07.028474+00:00,159.0,43,ask,,,10591149
2026-07-07T08:08:08.704151,2026-07-07T08:08:08.715955+00:00,159.1,50,ask,,,10591176
2026-07-07T08:08:10.051802,2026-07-07T08:08:10.062200+00:00,159.1,12,bid,,,10591212
2026-07-07T08:08:10.759920,2026-07-07T08:08:10.770619+00:00,159.1,50,bid,,,10591226
2026-07-07T08:08:12.870904,2026-07-07T08:08:12.883332+00:00,159.2,20,bid,,,10591251
2026-07-07T08:08:12.870904,2026-07-07T08:08:12.883332+00:00,159.3,30,bid,,,10591252
2026-07-07T08:08:12.959010,2026-07-07T08:08:12.967794+00:00,158.9,12,ask,,,10591256
2026-07-07T08:08:13.825933,2026-07-07T08:08:13.837775+00:00,159.0,47,bid,,,10591273
2026-07-07T08:08:13.881772,2026-07-07T08:08:13.892565+00:00,158.7,41,ask,,,10591274
2026-07-07T08:08:15.003060,2026-07-07T08:08:15.014877+00:00,159.0,3,bid,,,10591297
2026-07-07T08:08:15.003060,2026-07-07T08:08:15.014877+00:00,159.0,20,bid,,,10591298
2026-07-07T08:08:15.003060,2026-07-07T08:08:15.014877+00:00,159.1,27,bid,,,10591299
2026-07-07T08:08:15.973821,2026-07-07T08:08:15.983607+00:00,158.8,11,ask,,,10591321
2026-07-07T08:08:16.005616,2026-07-07T08:08:16.016436+00:00,158.8,25,ask,,,10591323
2026-07-07T08:08:16.231640,2026-07-07T08:08:16.240781+00:00,158.8,14,ask,,,10591326
2026-07-07T08:08:17.164158,2026-07-07T08:08:17.175910+00:00,158.5,50,ask,,,10591349
2026-07-07T08:08:18.180710,2026-07-07T08:08:18.192520+00:00,158.5,48,ask,,,10591363
2026-07-07T08:08:18.788890,2026-07-07T08:08:18.800662+00:00,158.8,8,bid,,,10591369
2026-07-07T08:08:18.788890,2026-07-07T08:08:18.800662+00:00,158.8,37,bid,,,10591370
2026-07-07T08:08:19.276438,2026-07-07T08:08:19.285905+00:00,158.4,50,ask,,,10591383
2026-07-07T08:08:19.413521,2026-07-07T08:08:19.425344+00:00,158.4,20,ask,,,10591384
2026-07-07T08:08:19.413521,2026-07-07T08:08:19.425344+00:00,158.1,20,ask,,,10591385
2026-07-07T08:08:20.252628,2026-07-07T08:08:20.264776+00:00,158.6,23,bid,,,10591405
2026-07-07T08:08:20.492382,2026-07-07T08:08:20.500945+00:00,158.6,42,bid,,,10591416
2026-07-07T08:08:20.547000,2026-07-07T08:08:20.553882+00:00,158.5,20,ask,,,10591419
2026-07-07T08:08:21.406762,2026-07-07T08:08:21.414797+00:00,158.4,46,ask,,,10591432
2026-07-07T08:08:21.406762,2026-07-07T08:08:21.414797+00:00,158.1,4,ask,,,10591433
2026-07-07T08:08:23.518018,2026-07-07T08:08:23.531422+00:00,158.2,20,ask,,,10591460
2026-07-07T08:08:23.518018,2026-07-07T08:08:23.531422+00:00,158.0,30,ask,,,10591461
2026-07-07T08:08:25.658100,2026-07-07T08:08:25.668994+00:00,157.9,50,ask,,,10591494
2026-07-07T08:08:26.156397,2026-07-07T08:08:26.168332+00:00,157.9,20,ask,,,10591498
2026-07-07T08:08:26.156397,2026-07-07T08:08:26.168332+00:00,157.8,28,ask,,,10591499
2026-07-07T08:08:27.714488,2026-07-07T08:08:27.725515+00:00,158.2,50,bid,,,10591534
2026-07-07T08:08:29.898139,2026-07-07T08:08:29.908416+00:00,158.0,20,ask,,,10591563
2026-07-07T08:08:29.898139,2026-07-07T08:08:29.908416+00:00,157.9,30,ask,,,10591564
2026-07-07T08:08:31.955691,2026-07-07T08:08:31.964392+00:00,158.4,50,bid,,,10591600
2026-07-07T08:08:32.105877,2026-07-07T08:08:32.116872+00:00,158.1,11,bid,,,10591605
2026-07-07T08:08:32.184889,2026-07-07T08:08:32.191631+00:00,158.1,25,bid,,,10591609
2026-07-07T08:08:32.959845,2026-07-07T08:08:32.970075+00:00,158.1,44,bid,,,10591621
2026-07-07T08:08:33.436838,2026-07-07T08:08:33.446560+00:00,158.1,47,bid,,,10591634
2026-07-07T08:08:34.065848,2026-07-07T08:08:34.075625+00:00,158.1,23,bid,,,10591643
2026-07-07T08:08:34.065848,2026-07-07T08:08:34.075625+00:00,158.2,27,bid,,,10591644
2026-07-07T08:08:35.204844,2026-07-07T08:08:35.212406+00:00,158.1,100,bid,,,10591660
2026-07-07T08:08:35.218703,2026-07-07T08:08:35.229051+00:00,158.1,11,ask,,,10591661
2026-07-07T08:08:35.459448,2026-07-07T08:08:35.468168+00:00,158.1,12,ask,,,10591665
2026-07-07T08:08:36.246305,2026-07-07T08:08:36.258573+00:00,158.1,27,ask,,,10591685
2026-07-07T08:08:36.246305,2026-07-07T08:08:36.258573+00:00,157.9,5,ask,,,10591686
2026-07-07T08:08:36.246305,2026-07-07T08:08:36.258573+00:00,157.6,18,ask,,,10591687
2026-07-07T08:08:37.555850,2026-07-07T08:08:37.558568+00:00,157.7,43,ask,,,10591707
2026-07-07T08:08:38.022434,2026-07-07T08:08:38.034094+00:00,157.7,2,ask,,,10591718
2026-07-07T08:08:38.022434,2026-07-07T08:08:38.034094+00:00,157.6,43,ask,,,10591719
2026-07-07T08:08:38.357110,2026-07-07T08:08:38.365081+00:00,157.6,50,ask,,,10591729
2026-07-07T08:08:38.428758,2026-07-07T08:08:38.437906+00:00,157.8,12,bid,,,10591731
2026-07-07T08:08:40.464321,2026-07-07T08:08:40.476233+00:00,157.6,50,ask,,,10591765
2026-07-07T08:08:46.064367,2026-07-07T08:08:46.076088+00:00,157.7,43,bid,,,10591852
2026-07-07T08:08:48.152176,2026-07-07T08:08:48.158610+00:00,157.4,20,ask,,,10591874
2026-07-07T08:08:48.152176,2026-07-07T08:08:48.158610+00:00,157.3,21,ask,,,10591875
2026-07-07T08:08:51.277729,2026-07-07T08:08:51.286828+00:00,157.5,48,bid,,,10591917
2026-07-07T08:08:51.754611,2026-07-07T08:08:51.768813+00:00,157.5,11,bid,,,10591929
2026-07-07T08:08:51.769471,2026-07-07T08:08:51.784416+00:00,157.5,25,bid,,,10591933
2026-07-07T08:08:51.992176,2026-07-07T08:08:52.000386+00:00,157.5,16,bid,,,10591938
2026-07-07T08:08:51.992176,2026-07-07T08:08:52.005548+00:00,157.5,9,bid,,,10591939
2026-07-07T08:08:52.227319,2026-07-07T08:08:52.235504+00:00,157.5,5,bid,,,10591948
2026-07-07T08:08:53.059503,2026-07-07T08:08:53.068677+00:00,157.5,6,bid,,,10591966
2026-07-07T08:08:53.102074,2026-07-07T08:08:53.114071+00:00,157.0,50,ask,,,10591968
2026-07-07T08:08:54.060148,2026-07-07T08:08:54.071794+00:00,157.5,100,bid,,,10591976
2026-07-07T08:08:54.187908,2026-07-07T08:08:54.197326+00:00,157.8,50,bid,,,10591977
2026-07-07T08:08:54.200768,2026-07-07T08:08:54.212209+00:00,157.9,6,ask,,,10591979
2026-07-07T08:08:54.369007,2026-07-07T08:08:54.389118+00:00,157.9,41,ask,,,10591983
2026-07-07T08:08:54.377322,2026-07-07T08:08:54.389118+00:00,157.9,23,ask,,,10591984
2026-07-07T08:08:55.208999,2026-07-07T08:08:55.217058+00:00,157.9,30,ask,,,10591996
2026-07-07T08:08:56.907879,2026-07-07T08:08:56.919610+00:00,158.1,48,bid,,,10592024
2026-07-07T08:08:58.372427,2026-07-07T08:08:58.379597+00:00,157.2,41,ask,,,10592045
2026-07-07T08:09:00.571131,2026-07-07T08:09:00.582707+00:00,157.4,12,bid,,,10592085
2026-07-07T08:09:00.939582,2026-07-07T08:09:00.948966+00:00,157.4,11,bid,,,10592092
2026-07-07T08:09:01.480383,2026-07-07T08:09:01.490902+00:00,157.4,42,bid,,,10592097
2026-07-07T08:09:01.523675,2026-07-07T08:09:01.535758+00:00,157.0,50,ask,,,10592098
2026-07-07T08:09:03.629621,2026-07-07T08:09:03.641404+00:00,156.9,50,ask,,,10592134
2026-07-07T08:09:04.879210,2026-07-07T08:09:04.889193+00:00,157.4,6,bid,,,10592150
2026-07-07T08:09:05.740740,2026-07-07T08:09:05.748748+00:00,157.3,50,ask,,,10592162
2026-07-07T08:09:07.848720,2026-07-07T08:09:07.858461+00:00,157.1,50,ask,,,10592197
2026-07-07T08:09:07.998298,2026-07-07T08:09:08.010477+00:00,157.1,42,ask,,,10592199
2026-07-07T08:09:09.956354,2026-07-07T08:09:09.963021+00:00,157.1,50,ask,,,10592234
2026-07-07T08:09:10.444024,2026-07-07T08:09:10.453397+00:00,157.5,49,bid,,,10592238
2026-07-07T08:09:14.165637,2026-07-07T08:09:14.172481+00:00,156.9,50,ask,,,10592309
2026-07-07T08:09:16.222297,2026-07-07T08:09:16.233962+00:00,157.4,50,bid,,,10592337
2026-07-07T08:09:18.339484,2026-07-07T08:09:18.352013+00:00,157.3,50,bid,,,10592364
2026-07-07T08:09:22.580971,2026-07-07T08:09:22.602822+00:00,157.5,50,bid,,,10592425
2026-07-07T08:09:23.168489,2026-07-07T08:09:23.179130+00:00,157.1,47,ask,,,10592437
2026-07-07T08:09:24.745380,2026-07-07T08:09:24.753977+00:00,157.1,50,ask,,,10592473
2026-07-07T08:09:26.812672,2026-07-07T08:09:26.821936+00:00,157.1,50,bid,,,10592503
2026-07-07T08:09:27.291591,2026-07-07T08:09:27.300164+00:00,157.1,43,bid,,,10592522
2026-07-07T08:09:28.919652,2026-07-07T08:09:28.926757+00:00,157.1,50,bid,,,10592554
2026-07-07T08:09:28.988759,2026-07-07T08:09:29.000641+00:00,157.1,100,bid,,,10592555
2026-07-07T08:09:30.455313,2026-07-07T08:09:30.465616+00:00,157.6,40,bid,,,10592595
2026-07-07T08:09:31.053095,2026-07-07T08:09:31.064131+00:00,157.6,50,bid,,,10592605
2026-07-07T08:09:32.996879,2026-07-07T08:09:33.008608+00:00,157.3,40,ask,,,10592632
2026-07-07T08:09:33.159324,2026-07-07T08:09:33.169304+00:00,157.7,50,bid,,,10592633
2026-07-07T08:09:35.273134,2026-07-07T08:09:35.291873+00:00,158.0,50,bid,,,10592675
2026-07-07T08:09:37.379825,2026-07-07T08:09:37.391790+00:00,157.8,50,bid,,,10592719
2026-07-07T08:09:37.441561,2026-07-07T08:09:37.449386+00:00,157.8,44,bid,,,10592721
2026-07-07T08:09:39.519892,2026-07-07T08:09:39.528775+00:00,158.0,50,bid,,,10592754
2026-07-07T08:09:40.813744,2026-07-07T08:09:40.822837+00:00,157.9,17,ask,,,10592767
2026-07-07T08:09:41.270953,2026-07-07T08:09:41.280816+00:00,157.9,33,ask,,,10592774
2026-07-07T08:09:41.270953,2026-07-07T08:09:41.280816+00:00,157.8,11,ask,,,10592775
2026-07-07T08:09:41.625954,2026-07-07T08:09:41.632835+00:00,158.2,20,bid,,,10592783
2026-07-07T08:09:41.625954,2026-07-07T08:09:41.638239+00:00,158.2,30,bid,,,10592784
2026-07-07T08:09:41.656284,2026-07-07T08:09:41.667898+00:00,158.2,70,bid,,,10592785
2026-07-07T08:09:42.439595,2026-07-07T08:09:42.447051+00:00,158.2,50,ask,,,10592799
2026-07-07T08:09:43.762631,2026-07-07T08:09:43.769624+00:00,158.4,20,bid,,,10592821
2026-07-07T08:09:43.762631,2026-07-07T08:09:43.775134+00:00,158.6,30,bid,,,10592822
2026-07-07T08:09:44.319686,2026-07-07T08:09:44.326740+00:00,158.3,20,bid,,,10592839
2026-07-07T08:09:44.336749,2026-07-07T08:09:44.381707+00:00,158.3,12,ask,,,10592840
2026-07-07T08:09:44.875622,2026-07-07T08:09:44.883649+00:00,158.3,18,ask,,,10592849
2026-07-07T08:09:44.875622,2026-07-07T08:09:44.899520+00:00,158.1,100,ask,,,10592850
2026-07-07T08:09:44.890272,2026-07-07T08:09:44.899520+00:00,158.0,23,bid,,,10592851
2026-07-07T08:09:45.569766,2026-07-07T08:09:45.578562+00:00,158.0,6,bid,,,10592859
2026-07-07T08:09:45.752836,2026-07-07T08:09:45.764019+00:00,158.0,3,bid,,,10592865
2026-07-07T08:09:45.869614,2026-07-07T08:09:45.880903+00:00,158.5,20,bid,,,10592867
2026-07-07T08:09:45.869614,2026-07-07T08:09:45.880903+00:00,158.6,20,bid,,,10592868
2026-07-07T08:09:45.869614,2026-07-07T08:09:45.880903+00:00,158.6,10,bid,,,10592869
2026-07-07T08:09:46.172040,2026-07-07T08:09:46.179841+00:00,158.0,20,ask,,,10592874
2026-07-07T08:09:47.261133,2026-07-07T08:09:47.269334+00:00,158.5,20,bid,,,10592891
2026-07-07T08:09:48.004993,2026-07-07T08:09:48.017895+00:00,158.4,50,bid,,,10592911
2026-07-07T08:09:49.913388,2026-07-07T08:09:49.923143+00:00,158.2,6,ask,,,10592941
2026-07-07T08:09:50.110680,2026-07-07T08:09:50.122585+00:00,158.4,50,bid,,,10592943
2026-07-07T08:09:51.043853,2026-07-07T08:09:51.058593+00:00,158.5,48,bid,,,10592954
2026-07-07T08:09:51.098177,2026-07-07T08:09:51.108678+00:00,158.4,44,ask,,,10592958
2026-07-07T08:09:51.989979,2026-07-07T08:09:52.001666+00:00,158.5,2,bid,,,10592975
2026-07-07T08:09:52.222781,2026-07-07T08:09:52.231577+00:00,158.8,50,bid,,,10592980
2026-07-07T08:09:53.475584,2026-07-07T08:09:53.488140+00:00,158.4,11,ask,,,10593002
2026-07-07T08:09:54.347175,2026-07-07T08:09:54.357210+00:00,158.5,12,ask,,,10593012
2026-07-07T08:09:54.392396,2026-07-07T08:09:54.403662+00:00,158.5,50,ask,,,10593016
2026-07-07T08:09:56.529335,2026-07-07T08:09:56.538731+00:00,158.6,50,ask,,,10593059
2026-07-07T08:09:58.637072,2026-07-07T08:09:58.644868+00:00,158.5,50,ask,,,10593095
2026-07-07T08:10:00.494852,2026-07-07T08:10:00.504243+00:00,158.4,46,ask,,,10593122
2026-07-07T08:10:01.001575,2026-07-07T08:10:01.013875+00:00,158.4,42,ask,,,10593126
2026-07-07T08:10:01.477776,2026-07-07T08:10:01.487678+00:00,158.7,49,bid,,,10593135
2026-07-07T08:10:03.592199,2026-07-07T08:10:03.603730+00:00,158.4,49,ask,,,10593175
2026-07-07T08:10:07.057830,2026-07-07T08:10:07.069476+00:00,158.7,1,bid,,,10593232
2026-07-07T08:10:07.057830,2026-07-07T08:10:07.069476+00:00,158.7,49,bid,,,10593233
2026-07-07T08:10:09.182619,2026-07-07T08:10:09.190217+00:00,158.7,50,bid,,,10593271
2026-07-07T08:10:10.159198,2026-07-07T08:10:10.169207+00:00,158.7,40,bid,,,10593293
2026-07-07T08:10:10.693638,2026-07-07T08:10:10.700394+00:00,158.6,46,ask,,,10593307
2026-07-07T08:10:11.291908,2026-07-07T08:10:11.303709+00:00,158.7,10,bid,,,10593312
2026-07-07T08:10:11.291908,2026-07-07T08:10:11.303709+00:00,158.8,40,bid,,,10593313
2026-07-07T08:10:12.274190,2026-07-07T08:10:12.283019+00:00,158.8,45,bid,,,10593342
2026-07-07T08:10:13.485035,2026-07-07T08:10:13.491488+00:00,158.7,50,ask,,,10593360
2026-07-07T08:10:15.148218,2026-07-07T08:10:15.163642+00:00,158.9,44,bid,,,10593386
2026-07-07T08:10:15.540142,2026-07-07T08:10:15.551896+00:00,158.9,50,bid,,,10593400
2026-07-07T08:10:16.180236,2026-07-07T08:10:16.192088+00:00,158.8,46,ask,,,10593420
2026-07-07T08:10:16.341192,2026-07-07T08:10:16.349187+00:00,158.9,50,bid,,,10593423
2026-07-07T08:10:16.659671,2026-07-07T08:10:16.671359+00:00,159.0,47,ask,,,10593431
2026-07-07T08:10:17.051081,2026-07-07T08:10:17.060009+00:00,159.0,3,ask,,,10593441
2026-07-07T08:10:17.710323,2026-07-07T08:10:17.722809+00:00,158.8,4,ask,,,10593448
2026-07-07T08:10:17.710323,2026-07-07T08:10:17.722809+00:00,158.7,46,ask,,,10593449
2026-07-07T08:10:19.818467,2026-07-07T08:10:19.830002+00:00,158.6,50,ask,,,10593489
2026-07-07T08:10:21.299177,2026-07-07T08:10:21.310355+00:00,158.8,46,bid,,,10593517
2026-07-07T08:10:21.902347,2026-07-07T08:10:21.918809+00:00,158.7,47,ask,,,10593521
2026-07-07T08:10:21.961750,2026-07-07T08:10:21.973989+00:00,158.7,3,ask,,,10593524
2026-07-07T08:10:21.961750,2026-07-07T08:10:21.973989+00:00,158.6,47,ask,,,10593525
2026-07-07T08:10:22.346376,2026-07-07T08:10:22.354795+00:00,158.8,3,bid,,,10593534
2026-07-07T08:10:24.957067,2026-07-07T08:10:24.964319+00:00,158.8,48,bid,,,10593591
2026-07-07T08:10:25.479069,2026-07-07T08:10:25.486547+00:00,158.8,46,bid,,,10593600
2026-07-07T08:10:25.543516,2026-07-07T08:10:25.552286+00:00,158.6,48,ask,,,10593601
2026-07-07T08:10:26.206974,2026-07-07T08:10:26.218084+00:00,158.6,50,ask,,,10593617
2026-07-07T08:10:26.624520,2026-07-07T08:10:26.633586+00:00,158.8,47,bid,,,10593626
2026-07-07T08:10:28.262561,2026-07-07T08:10:28.274247+00:00,158.8,50,bid,,,10593649
2026-07-07T08:10:30.460597,2026-07-07T08:10:30.469428+00:00,158.7,11,ask,,,10593692
2026-07-07T08:10:34.116905,2026-07-07T08:10:34.129000+00:00,158.5,49,ask,,,10593747
2026-07-07T08:10:34.619745,2026-07-07T08:10:34.631667+00:00,158.8,50,bid,,,10593756
2026-07-07T08:10:36.726407,2026-07-07T08:10:36.738101+00:00,158.8,20,bid,,,10593799
2026-07-07T08:10:36.726407,2026-07-07T08:10:36.738101+00:00,158.9,30,bid,,,10593800
2026-07-07T08:10:37.316763,2026-07-07T08:10:37.327542+00:00,158.8,20,bid,,,10593814
2026-07-07T08:10:37.316763,2026-07-07T08:10:37.327542+00:00,158.9,29,bid,,,10593815
2026-07-07T08:10:40.941713,2026-07-07T08:10:40.953367+00:00,158.8,50,bid,,,10593871
2026-07-07T08:10:43.050984,2026-07-07T08:10:43.058554+00:00,158.7,20,bid,,,10593893
2026-07-07T08:10:43.050984,2026-07-07T08:10:43.058554+00:00,159.0,24,bid,,,10593894
2026-07-07T08:10:43.050984,2026-07-07T08:10:43.058554+00:00,159.0,6,bid,,,10593895
2026-07-07T08:10:45.180318,2026-07-07T08:10:45.187931+00:00,158.6,50,bid,,,10593930
2026-07-07T08:10:47.348899,2026-07-07T08:10:47.369251+00:00,158.5,50,ask,,,10593970
2026-07-07T08:10:49.459547,2026-07-07T08:10:49.469196+00:00,158.4,50,ask,,,10594003
2026-07-07T08:10:50.883846,2026-07-07T08:10:50.891401+00:00,158.4,41,ask,,,10594022
2026-07-07T08:10:51.516180,2026-07-07T08:10:51.525091+00:00,158.7,50,bid,,,10594040
2026-07-07T08:10:53.642499,2026-07-07T08:10:53.653768+00:00,158.7,50,bid,,,10594070
2026-07-07T08:10:55.444695,2026-07-07T08:10:55.454131+00:00,158.8,47,bid,,,10594113
2026-07-07T08:10:55.499382,2026-07-07T08:10:55.510923+00:00,158.6,48,ask,,,10594114
2026-07-07T08:10:57.909477,2026-07-07T08:10:57.916374+00:00,158.5,50,ask,,,10594153
2026-07-07T08:10:59.037643,2026-07-07T08:10:59.047489+00:00,158.8,3,bid,,,10594167
2026-07-07T08:10:59.037643,2026-07-07T08:10:59.047489+00:00,158.8,44,bid,,,10594168
2026-07-07T08:10:59.093687,2026-07-07T08:10:59.105464+00:00,158.5,44,ask,,,10594172
2026-07-07T08:10:59.653384,2026-07-07T08:10:59.656251+00:00,158.5,46,ask,,,10594181
2026-07-07T08:11:00.014971,2026-07-07T08:11:00.026723+00:00,158.5,50,ask,,,10594185
2026-07-07T08:11:00.932411,2026-07-07T08:11:00.944457+00:00,158.4,50,ask,,,10594195
2026-07-07T08:11:00.932411,2026-07-07T08:11:00.944457+00:00,158.4,100,ask,,,10594196
2026-07-07T08:11:02.122374,2026-07-07T08:11:02.132535+00:00,158.3,35,ask,,,10594222
2026-07-07T08:11:02.122374,2026-07-07T08:11:02.132535+00:00,158.2,15,ask,,,10594223
2026-07-07T08:11:02.598424,2026-07-07T08:11:02.610048+00:00,158.8,45,bid,,,10594237
2026-07-07T08:11:04.178989,2026-07-07T08:11:04.189382+00:00,158.5,50,bid,,,10594254
2026-07-07T08:11:04.427950,2026-07-07T08:11:04.437602+00:00,158.5,11,bid,,,10594258
2026-07-07T08:11:04.623527,2026-07-07T08:11:04.631500+00:00,158.5,39,bid,,,10594262
2026-07-07T08:11:04.623527,2026-07-07T08:11:04.631500+00:00,158.8,2,bid,,,10594263
2026-07-07T08:11:06.284896,2026-07-07T08:11:06.296831+00:00,158.8,3,bid,,,10594311
2026-07-07T08:11:06.284896,2026-07-07T08:11:06.296831+00:00,158.9,47,bid,,,10594312
2026-07-07T08:11:07.235083,2026-07-07T08:11:07.244518+00:00,158.7,11,ask,,,10594327
2026-07-07T08:11:08.372768,2026-07-07T08:11:08.383937+00:00,158.7,11,ask,,,10594346
2026-07-07T08:11:08.451951,2026-07-07T08:11:08.460812+00:00,158.7,25,ask,,,10594349
2026-07-07T08:11:08.683662,2026-07-07T08:11:08.690862+00:00,158.7,25,ask,,,10594355
2026-07-07T08:11:08.905374,2026-07-07T08:11:08.912090+00:00,158.7,25,ask,,,10594360
2026-07-07T08:11:09.154536,2026-07-07T08:11:09.163830+00:00,158.7,3,ask,,,10594362
2026-07-07T08:11:10.549059,2026-07-07T08:11:10.555772+00:00,158.5,20,ask,,,10594397
2026-07-07T08:11:10.549059,2026-07-07T08:11:10.555772+00:00,158.4,30,ask,,,10594398
2026-07-07T08:11:11.071578,2026-07-07T08:11:11.080320+00:00,158.4,41,ask,,,10594410
2026-07-07T08:11:12.606176,2026-07-07T08:11:12.617975+00:00,158.7,50,bid,,,10594447
2026-07-07T08:11:12.653844,2026-07-07T08:11:12.665652+00:00,158.4,29,ask,,,10594448
2026-07-07T08:11:12.653844,2026-07-07T08:11:12.665652+00:00,158.4,16,ask,,,10594449
2026-07-07T08:11:14.107400,2026-07-07T08:11:14.115909+00:00,158.7,11,bid,,,10594465
2026-07-07T08:11:14.767346,2026-07-07T08:11:14.779982+00:00,158.6,20,ask,,,10594484
2026-07-07T08:11:14.767346,2026-07-07T08:11:14.779982+00:00,158.5,30,ask,,,10594485
2026-07-07T08:11:15.225827,2026-07-07T08:11:15.237404+00:00,158.7,41,bid,,,10594498
2026-07-07T08:11:15.319618,2026-07-07T08:11:15.328749+00:00,158.7,11,bid,,,10594501
2026-07-07T08:11:16.875837,2026-07-07T08:11:16.884568+00:00,158.6,10,ask,,,10594525
2026-07-07T08:11:16.875837,2026-07-07T08:11:16.884568+00:00,158.6,40,ask,,,10594526
2026-07-07T08:11:17.849565,2026-07-07T08:11:17.861094+00:00,158.6,44,ask,,,10594542
2026-07-07T08:11:18.932775,2026-07-07T08:11:18.941636+00:00,158.8,50,bid,,,10594557
2026-07-07T08:11:19.933592,2026-07-07T08:11:19.945546+00:00,158.7,43,bid,,,10594574
2026-07-07T08:11:22.590688,2026-07-07T08:11:22.599714+00:00,158.7,7,bid,,,10594615
2026-07-07T08:11:23.122471,2026-07-07T08:11:23.132930+00:00,158.7,44,ask,,,10594626
2026-07-07T08:11:23.146758,2026-07-07T08:11:23.158624+00:00,158.8,50,bid,,,10594629
2026-07-07T08:11:25.305675,2026-07-07T08:11:25.317672+00:00,158.7,50,ask,,,10594655
2026-07-07T08:11:27.413337,2026-07-07T08:11:27.424901+00:00,158.7,50,ask,,,10594683
2026-07-07T08:11:28.060594,2026-07-07T08:11:28.068811+00:00,158.7,7,ask,,,10594692
2026-07-07T08:11:29.241518,2026-07-07T08:11:29.252925+00:00,158.7,93,ask,,,10594713
2026-07-07T08:11:29.457049,2026-07-07T08:11:29.465979+00:00,158.5,40,ask,,,10594718
2026-07-07T08:11:29.457049,2026-07-07T08:11:29.471448+00:00,158.4,20,ask,,,10594719
2026-07-07T08:11:29.471552,2026-07-07T08:11:29.486215+00:00,158.4,50,bid,,,10594720
2026-07-07T08:11:29.476045,2026-07-07T08:11:29.486215+00:00,158.4,12,bid,,,10594721
2026-07-07T08:11:29.613007,2026-07-07T08:11:29.622963+00:00,158.4,25,bid,,,10594725
2026-07-07T08:11:29.769552,2026-07-07T08:11:29.781313+00:00,158.4,3,bid,,,10594727
2026-07-07T08:11:29.769552,2026-07-07T08:11:29.781313+00:00,158.7,7,bid,,,10594728
2026-07-07T08:11:29.769552,2026-07-07T08:11:29.781313+00:00,158.9,20,bid,,,10594729
2026-07-07T08:11:29.769552,2026-07-07T08:11:29.781313+00:00,159.1,13,bid,,,10594730
2026-07-07T08:11:30.733740,2026-07-07T08:11:30.742653+00:00,158.9,20,bid,,,10594750
2026-07-07T08:11:31.580479,2026-07-07T08:11:31.589870+00:00,159.0,20,bid,,,10594760
2026-07-07T08:11:31.580479,2026-07-07T08:11:31.595167+00:00,159.1,27,bid,,,10594761
2026-07-07T08:11:33.307897,2026-07-07T08:11:33.317582+00:00,158.5,12,ask,,,10594789
2026-07-07T08:11:33.689498,2026-07-07T08:11:33.699030+00:00,158.9,40,bid,,,10594797
2026-07-07T08:11:33.689498,2026-07-07T08:11:33.699030+00:00,158.9,10,bid,,,10594798
2026-07-07T08:11:35.799347,2026-07-07T08:11:35.811283+00:00,158.9,50,bid,,,10594822
2026-07-07T08:11:37.329263,2026-07-07T08:11:37.341015+00:00,158.5,20,ask,,,10594857
2026-07-07T08:11:37.329263,2026-07-07T08:11:37.341015+00:00,158.4,24,ask,,,10594858
2026-07-07T08:11:37.909876,2026-07-07T08:11:37.916769+00:00,158.9,50,bid,,,10594871
2026-07-07T08:11:38.700131,2026-07-07T08:11:38.710756+00:00,158.7,11,ask,,,10594890
2026-07-07T08:11:40.028395,2026-07-07T08:11:40.041222+00:00,159.0,24,bid,,,10594915
2026-07-07T08:11:40.028395,2026-07-07T08:11:40.046810+00:00,159.1,26,bid,,,10594916
2026-07-07T08:11:40.249898,2026-07-07T08:11:40.261494+00:00,159.1,49,bid,,,10594921
2026-07-07T08:11:40.304069,2026-07-07T08:11:40.316108+00:00,158.7,40,ask,,,10594924
2026-07-07T08:11:41.852849,2026-07-07T08:11:41.858594+00:00,158.8,49,ask,,,10594946
2026-07-07T08:11:42.186884,2026-07-07T08:11:42.198742+00:00,159.0,50,ask,,,10594949
2026-07-07T08:11:42.341369,2026-07-07T08:11:42.350004+00:00,159.3,42,bid,,,10594950
2026-07-07T08:11:42.480168,2026-07-07T08:11:42.488803+00:00,159.0,23,ask,,,10594954
2026-07-07T08:11:42.574787,2026-07-07T08:11:42.582122+00:00,159.0,25,ask,,,10594958
2026-07-07T08:11:42.796295,2026-07-07T08:11:42.807019+00:00,159.0,25,ask,,,10594960
2026-07-07T08:11:43.022474,2026-07-07T08:11:43.033611+00:00,159.0,1,ask,,,10594966
2026-07-07T08:11:43.895319,2026-07-07T08:11:43.904692+00:00,159.0,26,ask,,,10594987
2026-07-07T08:11:43.895319,2026-07-07T08:11:43.904692+00:00,158.8,22,ask,,,10594988
2026-07-07T08:11:44.295796,2026-07-07T08:11:44.307462+00:00,158.8,29,ask,,,10594990
2026-07-07T08:11:44.295796,2026-07-07T08:11:44.307462+00:00,158.8,21,ask,,,10594991
2026-07-07T08:11:45.276234,2026-07-07T08:11:45.300304+00:00,158.8,29,ask,,,10595008
2026-07-07T08:11:45.289129,2026-07-07T08:11:45.300304+00:00,158.8,23,bid,,,10595009
2026-07-07T08:11:46.406673,2026-07-07T08:11:46.416595+00:00,158.6,50,ask,,,10595027
2026-07-07T08:11:48.514721,2026-07-07T08:11:48.523953+00:00,158.7,50,ask,,,10595067
2026-07-07T08:11:50.624263,2026-07-07T08:11:50.631581+00:00,158.5,50,ask,,,10595109
2026-07-07T08:11:50.836211,2026-07-07T08:11:50.846102+00:00,158.8,47,bid,,,10595110
2026-07-07T08:11:51.671103,2026-07-07T08:11:51.682694+00:00,158.7,11,bid,,,10595125
2026-07-07T08:11:52.737575,2026-07-07T08:11:52.748374+00:00,158.6,20,ask,,,10595155
2026-07-07T08:11:52.737575,2026-07-07T08:11:52.748374+00:00,158.5,30,ask,,,10595156
2026-07-07T08:11:52.765854,2026-07-07T08:11:52.774142+00:00,158.7,43,bid,,,10595157
2026-07-07T08:11:54.315928,2026-07-07T08:11:54.325605+00:00,158.7,47,bid,,,10595199
2026-07-07T08:11:54.845956,2026-07-07T08:11:54.858565+00:00,158.7,50,ask,,,10595207
2026-07-07T08:11:56.900833,2026-07-07T08:11:56.907880+00:00,158.8,3,bid,,,10595233
2026-07-07T08:11:56.900833,2026-07-07T08:11:56.913172+00:00,158.9,47,bid,,,10595234
2026-07-07T08:11:59.094776,2026-07-07T08:11:59.106451+00:00,158.5,20,ask,,,10595276
2026-07-07T08:11:59.094776,2026-07-07T08:11:59.106451+00:00,158.5,30,ask,,,10595277
2026-07-07T08:12:00.537426,2026-07-07T08:12:00.549120+00:00,158.5,42,ask,,,10595296
2026-07-07T08:12:01.236332,2026-07-07T08:12:01.246121+00:00,158.5,50,ask,,,10595309
2026-07-07T08:12:02.211308,2026-07-07T08:12:02.223277+00:00,158.4,42,ask,,,10595332
2026-07-07T08:12:02.933880,2026-07-07T08:12:02.940731+00:00,158.6,20,ask,,,10595341
2026-07-07T08:12:03.342886,2026-07-07T08:12:03.350528+00:00,158.5,20,ask,,,10595351
2026-07-07T08:12:03.342886,2026-07-07T08:12:03.355669+00:00,158.4,30,ask,,,10595352
2026-07-07T08:12:05.460581,2026-07-07T08:12:05.479548+00:00,158.3,30,ask,,,10595393
2026-07-07T08:12:05.460581,2026-07-07T08:12:05.479548+00:00,158.3,20,ask,,,10595394
2026-07-07T08:12:07.570235,2026-07-07T08:12:07.582427+00:00,158.3,20,ask,,,10595425
2026-07-07T08:12:07.570235,2026-07-07T08:12:07.582427+00:00,158.2,20,ask,,,10595426
2026-07-07T08:12:07.570235,2026-07-07T08:12:07.582427+00:00,158.1,10,ask,,,10595427
2026-07-07T08:12:09.701320,2026-07-07T08:12:09.713785+00:00,158.1,50,ask,,,10595466
2026-07-07T08:12:11.808546,2026-07-07T08:12:11.820203+00:00,158.1,20,ask,,,10595505
2026-07-07T08:12:11.808546,2026-07-07T08:12:11.820203+00:00,157.9,30,ask,,,10595506
2026-07-07T08:12:12.216289,2026-07-07T08:12:12.224468+00:00,158.4,43,bid,,,10595511
2026-07-07T08:12:13.827994,2026-07-07T08:12:13.839851+00:00,158.4,49,bid,,,10595531
2026-07-07T08:12:13.946705,2026-07-07T08:12:13.961283+00:00,157.9,50,ask,,,10595534
2026-07-07T08:12:16.059358,2026-07-07T08:12:16.067944+00:00,158.0,20,ask,,,10595566
2026-07-07T08:12:16.059358,2026-07-07T08:12:16.073189+00:00,157.9,30,ask,,,10595567
2026-07-07T08:12:16.568765,2026-07-07T08:12:16.580616+00:00,158.0,20,ask,,,10595578
2026-07-07T08:12:16.568765,2026-07-07T08:12:16.580616+00:00,157.9,20,ask,,,10595579
2026-07-07T08:12:16.568765,2026-07-07T08:12:16.580616+00:00,157.9,7,ask,,,10595580
2026-07-07T08:12:17.136507,2026-07-07T08:12:17.146222+00:00,157.8,40,ask,,,10595593
2026-07-07T08:12:18.117759,2026-07-07T08:12:18.129517+00:00,158.3,50,bid,,,10595612
2026-07-07T08:12:19.104350,2026-07-07T08:12:19.112057+00:00,158.3,42,bid,,,10595636
2026-07-07T08:12:20.223382,2026-07-07T08:12:20.235043+00:00,158.3,50,bid,,,10595657
2026-07-07T08:12:20.663370,2026-07-07T08:12:20.675422+00:00,157.8,44,ask,,,10595664
2026-07-07T08:12:21.814986,2026-07-07T08:12:21.825497+00:00,158.2,48,bid,,,10595677
2026-07-07T08:12:22.896352,2026-07-07T08:12:22.905230+00:00,158.2,2,bid,,,10595699
2026-07-07T08:12:22.896352,2026-07-07T08:12:22.910404+00:00,158.3,43,bid,,,10595700
2026-07-07T08:12:24.423016,2026-07-07T08:12:24.432401+00:00,158.1,12,bid,,,10595728
2026-07-07T08:12:24.486517,2026-07-07T08:12:24.493577+00:00,157.9,48,ask,,,10595733
2026-07-07T08:12:24.486517,2026-07-07T08:12:24.498994+00:00,157.8,2,ask,,,10595734
2026-07-07T08:12:24.863505,2026-07-07T08:12:24.875310+00:00,157.8,46,ask,,,10595740
2026-07-07T08:12:25.965371,2026-07-07T08:12:25.974537+00:00,157.8,42,ask,,,10595765
2026-07-07T08:12:26.543157,2026-07-07T08:12:26.554758+00:00,157.8,50,bid,,,10595772
2026-07-07T08:12:27.871412,2026-07-07T08:12:27.886180+00:00,157.8,11,bid,,,10595790
2026-07-07T08:12:28.021134,2026-07-07T08:12:28.029985+00:00,157.8,25,bid,,,10595796
2026-07-07T08:12:28.244088,2026-07-07T08:12:28.255261+00:00,157.8,14,bid,,,10595801
2026-07-07T08:12:28.651999,2026-07-07T08:12:28.655960+00:00,158.0,50,bid,,,10595811
2026-07-07T08:12:28.677137,2026-07-07T08:12:28.689087+00:00,158.0,43,bid,,,10595812
2026-07-07T08:12:29.750431,2026-07-07T08:12:29.757070+00:00,158.0,20,bid,,,10595835
2026-07-07T08:12:29.750431,2026-07-07T08:12:29.757070+00:00,158.1,22,bid,,,10595836
2026-07-07T08:12:29.775726,2026-07-07T08:12:29.784130+00:00,157.9,23,ask,,,10595840
2026-07-07T08:12:30.758605,2026-07-07T08:12:30.767090+00:00,158.1,50,bid,,,10595854
2026-07-07T08:12:32.866792,2026-07-07T08:12:32.877538+00:00,158.2,50,bid,,,10595884
2026-07-07T08:12:32.905092,2026-07-07T08:12:32.914918+00:00,158.0,41,ask,,,10595885
2026-07-07T08:12:33.452756,2026-07-07T08:12:33.460719+00:00,158.3,20,bid,,,10595894
2026-07-07T08:12:34.975222,2026-07-07T08:12:34.982606+00:00,158.3,50,bid,,,10595908
2026-07-07T08:12:37.083207,2026-07-07T08:12:37.093716+00:00,158.3,20,bid,,,10595942
2026-07-07T08:12:37.083207,2026-07-07T08:12:37.093716+00:00,158.4,30,bid,,,10595943
2026-07-07T08:12:37.721173,2026-07-07T08:12:37.730598+00:00,158.0,47,ask,,,10595959
2026-07-07T08:12:39.192981,2026-07-07T08:12:39.201046+00:00,158.4,50,bid,,,10595982
2026-07-07T08:12:39.380038,2026-07-07T08:12:39.389618+00:00,158.0,3,ask,,,10595983
2026-07-07T08:12:39.380038,2026-07-07T08:12:39.389618+00:00,158.0,40,ask,,,10595984
2026-07-07T08:12:41.302588,2026-07-07T08:12:41.314961+00:00,158.4,50,bid,,,10596024
2026-07-07T08:12:42.166695,2026-07-07T08:12:42.178549+00:00,158.4,50,bid,,,10596035
2026-07-07T08:12:43.463408,2026-07-07T08:12:43.475198+00:00,158.4,50,ask,,,10596059
2026-07-07T08:12:45.015165,2026-07-07T08:12:45.023778+00:00,158.4,11,ask,,,10596082
2026-07-07T08:12:45.056267,2026-07-07T08:12:45.065535+00:00,158.4,25,ask,,,10596084
2026-07-07T08:12:45.171962,2026-07-07T08:12:45.181431+00:00,158.4,14,ask,,,10596087
2026-07-07T08:12:45.389452,2026-07-07T08:12:45.398478+00:00,158.1,50,ask,,,10596090
2026-07-07T08:12:45.399680,2026-07-07T08:12:45.451563+00:00,158.1,11,bid,,,10596091
2026-07-07T08:12:45.440971,2026-07-07T08:12:45.451563+00:00,158.1,49,bid,,,10596093
2026-07-07T08:12:45.573201,2026-07-07T08:12:45.584953+00:00,157.9,50,ask,,,10596097
2026-07-07T08:12:46.085286,2026-07-07T08:12:46.093885+00:00,157.9,48,ask,,,10596102
2026-07-07T08:12:47.445571,2026-07-07T08:12:47.454573+00:00,158.1,12,bid,,,10596130
2026-07-07T08:12:47.683099,2026-07-07T08:12:47.689903+00:00,158.0,50,ask,,,10596136
2026-07-07T08:12:49.789872,2026-07-07T08:12:49.801639+00:00,158.1,50,ask,,,10596173
2026-07-07T08:12:50.052438,2026-07-07T08:12:50.058560+00:00,158.2,42,bid,,,10596181
2026-07-07T08:12:51.014768,2026-07-07T08:12:51.026547+00:00,158.2,47,bid,,,10596195
2026-07-07T08:12:51.069810,2026-07-07T08:12:51.076383+00:00,158.1,49,ask,,,10596196
2026-07-07T08:12:51.705671,2026-07-07T08:12:51.717056+00:00,158.3,45,bid,,,10596200
2026-07-07T08:12:51.848145,2026-07-07T08:12:51.854737+00:00,158.1,50,bid,,,10596201
2026-07-07T08:12:52.861691,2026-07-07T08:12:52.869768+00:00,158.1,44,bid,,,10596215
2026-07-07T08:12:52.916893,2026-07-07T08:12:52.928456+00:00,158.0,47,ask,,,10596216
2026-07-07T08:12:53.959852,2026-07-07T08:12:53.969978+00:00,158.1,50,bid,,,10596244
2026-07-07T08:12:54.507252,2026-07-07T08:12:54.518450+00:00,158.1,6,bid,,,10596257
2026-07-07T08:12:54.607183,2026-07-07T08:12:54.619022+00:00,158.2,50,bid,,,10596260
2026-07-07T08:12:54.838350,2026-07-07T08:12:54.847663+00:00,158.4,18,ask,,,10596265
2026-07-07T08:12:56.066571,2026-07-07T08:12:56.077837+00:00,158.5,20,bid,,,10596293
2026-07-07T08:12:56.066571,2026-07-07T08:12:56.077837+00:00,158.7,30,bid,,,10596294
2026-07-07T08:12:56.438169,2026-07-07T08:12:56.450738+00:00,158.4,49,ask,,,10596300
2026-07-07T08:12:58.174610,2026-07-07T08:12:58.182968+00:00,158.5,50,bid,,,10596341
2026-07-07T08:12:58.476145,2026-07-07T08:12:58.485657+00:00,158.6,45,bid,,,10596346
2026-07-07T08:12:58.530702,2026-07-07T08:12:58.537184+00:00,158.2,40,ask,,,10596348
2026-07-07T08:12:59.039272,2026-07-07T08:12:59.046975+00:00,158.2,46,ask,,,10596363
2026-07-07T08:12:59.456465,2026-07-07T08:12:59.466221+00:00,158.5,20,ask,,,10596371
2026-07-07T08:13:00.031179,2026-07-07T08:13:00.040473+00:00,158.5,30,bid,,,10596391
2026-07-07T08:13:00.031179,2026-07-07T08:13:00.040473+00:00,158.6,16,bid,,,10596392
2026-07-07T08:13:00.281919,2026-07-07T08:13:00.293572+00:00,158.6,39,bid,,,10596398
2026-07-07T08:13:00.281919,2026-07-07T08:13:00.293572+00:00,158.7,11,bid,,,10596399
2026-07-07T08:13:00.933682,2026-07-07T08:13:00.945530+00:00,158.7,100,bid,,,10596410
2026-07-07T08:13:01.010866,2026-07-07T08:13:01.022578+00:00,158.4,45,ask,,,10596411
2026-07-07T08:13:03.879572,2026-07-07T08:13:03.891178+00:00,158.8,48,bid,,,10596462
2026-07-07T08:13:05.033158,2026-07-07T08:13:05.041148+00:00,158.8,2,bid,,,10596471
2026-07-07T08:13:05.033158,2026-07-07T08:13:05.046289+00:00,159.0,20,bid,,,10596472
2026-07-07T08:13:05.033158,2026-07-07T08:13:05.046289+00:00,159.1,23,bid,,,10596473
2026-07-07T08:13:06.534087,2026-07-07T08:13:06.545846+00:00,158.7,49,ask,,,10596499
2026-07-07T08:13:06.673358,2026-07-07T08:13:06.685124+00:00,158.7,50,ask,,,10596502
2026-07-07T08:13:07.125518,2026-07-07T08:13:07.136232+00:00,158.7,47,ask,,,10596509
2026-07-07T08:13:07.537708,2026-07-07T08:13:07.549500+00:00,158.5,100,ask,,,10596526
2026-07-07T08:13:07.537708,2026-07-07T08:13:07.549500+00:00,158.4,5,ask,,,10596527
2026-07-07T08:13:07.550756,2026-07-07T08:13:07.559750+00:00,158.4,12,bid,,,10596528
2026-07-07T08:13:07.871077,2026-07-07T08:13:07.880490+00:00,158.4,11,bid,,,10596535
2026-07-07T08:13:07.997936,2026-07-07T08:13:08.008220+00:00,158.4,22,bid,,,10596539
2026-07-07T08:13:08.781779,2026-07-07T08:13:08.793712+00:00,158.3,20,ask,,,10596556
2026-07-07T08:13:08.781779,2026-07-07T08:13:08.793712+00:00,157.9,30,ask,,,10596557
2026-07-07T08:13:10.869258,2026-07-07T08:13:10.874060+00:00,158.8,50,bid,,,10596592
2026-07-07T08:13:12.975045,2026-07-07T08:13:12.987131+00:00,158.8,50,bid,,,10596628
2026-07-07T08:13:15.109542,2026-07-07T08:13:15.118050+00:00,158.8,20,bid,,,10596660
2026-07-07T08:13:15.109542,2026-07-07T08:13:15.123051+00:00,159.0,20,bid,,,10596661
2026-07-07T08:13:15.109542,2026-07-07T08:13:15.123051+00:00,159.0,10,bid,,,10596662
2026-07-07T08:13:16.490116,2026-07-07T08:13:16.501224+00:00,158.6,11,ask,,,10596689
2026-07-07T08:13:17.271544,2026-07-07T08:13:17.282790+00:00,158.6,39,ask,,,10596706
2026-07-07T08:13:17.271544,2026-07-07T08:13:17.282790+00:00,158.5,11,ask,,,10596707
2026-07-07T08:13:19.383786,2026-07-07T08:13:19.394988+00:00,158.5,50,ask,,,10596743
2026-07-07T08:13:25.491181,2026-07-07T08:13:25.503062+00:00,158.9,46,bid,,,10596823
2026-07-07T08:13:27.124619,2026-07-07T08:13:27.134496+00:00,158.7,41,ask,,,10596844
2026-07-07T08:13:27.610754,2026-07-07T08:13:27.622917+00:00,159.0,16,bid,,,10596854
2026-07-07T08:13:27.610754,2026-07-07T08:13:27.622917+00:00,159.0,20,bid,,,10596855
2026-07-07T08:13:27.610754,2026-07-07T08:13:27.622917+00:00,159.1,12,bid,,,10596856
2026-07-07T08:13:27.815596,2026-07-07T08:13:27.823005+00:00,158.7,50,ask,,,10596859
2026-07-07T08:13:29.871767,2026-07-07T08:13:29.883672+00:00,158.8,50,bid,,,10596893
2026-07-07T08:13:30.465283,2026-07-07T08:13:30.476980+00:00,158.6,40,ask,,,10596905
2026-07-07T08:13:31.983057,2026-07-07T08:13:31.991605+00:00,158.8,50,bid,,,10596921
2026-07-07T08:13:32.788000,2026-07-07T08:13:32.799696+00:00,159.0,39,bid,,,10596939
2026-07-07T08:13:32.788000,2026-07-07T08:13:32.799696+00:00,159.0,2,bid,,,10596940
2026-07-07T08:13:33.840647,2026-07-07T08:13:33.847283+00:00,159.0,46,bid,,,10596956
2026-07-07T08:13:34.090316,2026-07-07T08:13:34.101912+00:00,159.0,50,bid,,,10596959
2026-07-07T08:13:36.023871,2026-07-07T08:13:36.033497+00:00,158.8,12,ask,,,10596985
2026-07-07T08:13:36.262409,2026-07-07T08:13:36.274565+00:00,158.8,50,ask,,,10596991
2026-07-07T08:13:37.152839,2026-07-07T08:13:37.177651+00:00,158.9,20,bid,,,10597005
2026-07-07T08:13:37.166074,2026-07-07T08:13:37.177651+00:00,158.9,11,ask,,,10597006
2026-07-07T08:13:37.185208,2026-07-07T08:13:37.192852+00:00,158.9,19,ask,,,10597008
2026-07-07T08:13:37.710260,2026-07-07T08:13:37.720847+00:00,158.8,44,ask,,,10597017
2026-07-07T08:13:38.370261,2026-07-07T08:13:38.377535+00:00,158.8,44,ask,,,10597032
2026-07-07T08:13:38.370261,2026-07-07T08:13:38.382725+00:00,158.6,6,ask,,,10597033
2026-07-07T08:13:39.223814,2026-07-07T08:13:39.235397+00:00,158.6,50,ask,,,10597056
2026-07-07T08:13:39.382163,2026-07-07T08:13:39.393869+00:00,158.6,23,bid,,,10597059
2026-07-07T08:13:40.486740,2026-07-07T08:13:40.498650+00:00,158.5,50,ask,,,10597075
2026-07-07T08:13:41.744340,2026-07-07T08:13:41.755389+00:00,158.6,46,bid,,,10597096
2026-07-07T08:13:41.799855,2026-07-07T08:13:41.809837+00:00,158.5,40,ask,,,10597099
2026-07-07T08:13:42.594546,2026-07-07T08:13:42.606460+00:00,158.7,50,ask,,,10597116
2026-07-07T08:13:43.497672,2026-07-07T08:13:43.509316+00:00,158.8,48,bid,,,10597128
2026-07-07T08:13:43.559440,2026-07-07T08:13:43.568213+00:00,158.7,12,ask,,,10597131
2026-07-07T08:13:44.591998,2026-07-07T08:13:44.600507+00:00,158.7,43,ask,,,10597154
2026-07-07T08:13:44.702796,2026-07-07T08:13:44.714287+00:00,158.7,45,ask,,,10597157
2026-07-07T08:13:44.702796,2026-07-07T08:13:44.714287+00:00,158.5,5,ask,,,10597158
2026-07-07T08:13:45.566401,2026-07-07T08:13:45.587313+00:00,158.5,45,ask,,,10597171
2026-07-07T08:13:45.575639,2026-07-07T08:13:45.587313+00:00,158.4,12,bid,,,10597172
2026-07-07T08:13:45.651699,2026-07-07T08:13:45.663320+00:00,158.4,40,bid,,,10597174
2026-07-07T08:13:45.944202,2026-07-07T08:13:45.952511+00:00,158.4,11,bid,,,10597180
2026-07-07T08:13:46.727288,2026-07-07T08:13:46.736737+00:00,158.3,20,ask,,,10597203
2026-07-07T08:13:46.727288,2026-07-07T08:13:46.741994+00:00,158.3,27,ask,,,10597204
2026-07-07T08:13:46.813663,2026-07-07T08:13:46.824338+00:00,158.3,3,ask,,,10597206
2026-07-07T08:13:46.813663,2026-07-07T08:13:46.824338+00:00,158.2,47,ask,,,10597207
2026-07-07T08:13:48.324067,2026-07-07T08:13:48.335920+00:00,158.4,41,bid,,,10597229
2026-07-07T08:13:48.685599,2026-07-07T08:13:48.694715+00:00,158.3,11,ask,,,10597239
2026-07-07T08:13:48.870238,2026-07-07T08:13:48.881859+00:00,158.5,50,bid,,,10597242
2026-07-07T08:13:48.957816,2026-07-07T08:13:48.969369+00:00,158.3,41,ask,,,10597247
2026-07-07T08:13:49.555233,2026-07-07T08:13:49.563887+00:00,158.3,47,ask,,,10597261
2026-07-07T08:13:49.892096,2026-07-07T08:13:49.905761+00:00,158.3,12,ask,,,10597266
2026-07-07T08:13:50.560238,2026-07-07T08:13:50.572059+00:00,158.4,20,bid,,,10597285
2026-07-07T08:13:50.560238,2026-07-07T08:13:50.572059+00:00,158.5,29,bid,,,10597286
2026-07-07T08:13:50.981940,2026-07-07T08:13:50.991432+00:00,158.4,20,bid,,,10597295
2026-07-07T08:13:50.981940,2026-07-07T08:13:50.991432+00:00,158.5,21,bid,,,10597296
2026-07-07T08:13:50.981940,2026-07-07T08:13:50.996611+00:00,158.6,9,bid,,,10597297
2026-07-07T08:13:52.225573,2026-07-07T08:13:52.234972+00:00,158.2,42,bid,,,10597316
2026-07-07T08:13:53.091027,2026-07-07T08:13:53.102735+00:00,158.2,50,bid,,,10597339
2026-07-07T08:13:54.021163,2026-07-07T08:13:54.030714+00:00,158.2,12,bid,,,10597358
2026-07-07T08:13:54.730124,2026-07-07T08:13:54.742089+00:00,158.2,46,bid,,,10597374
2026-07-07T08:13:54.730124,2026-07-07T08:13:54.742089+00:00,158.2,50,bid,,,10597375
2026-07-07T08:13:55.006912,2026-07-07T08:13:55.015925+00:00,158.5,12,ask,,,10597380
2026-07-07T08:13:55.197507,2026-07-07T08:13:55.209685+00:00,158.7,20,bid,,,10597382
2026-07-07T08:13:55.197507,2026-07-07T08:13:55.209685+00:00,158.8,30,bid,,,10597383
2026-07-07T08:13:55.217362,2026-07-07T08:13:55.231991+00:00,158.5,49,ask,,,10597386
2026-07-07T08:13:56.444777,2026-07-07T08:13:56.454939+00:00,158.5,11,ask,,,10597410
2026-07-07T08:13:56.455970,2026-07-07T08:13:56.464258+00:00,158.5,11,ask,,,10597412
2026-07-07T08:13:56.573025,2026-07-07T08:13:56.584341+00:00,158.5,15,ask,,,10597415
2026-07-07T08:13:57.307197,2026-07-07T08:13:57.319140+00:00,158.7,50,bid,,,10597420
2026-07-07T08:13:57.667531,2026-07-07T08:13:57.676454+00:00,158.5,12,ask,,,10597427
2026-07-07T08:13:57.949389,2026-07-07T08:13:57.955991+00:00,158.5,40,ask,,,10597436
2026-07-07T08:13:58.092671,2026-07-07T08:13:58.100907+00:00,158.5,48,bid,,,10597437
2026-07-07T08:13:58.228307,2026-07-07T08:13:58.238100+00:00,158.3,23,bid,,,10597440
2026-07-07T08:13:59.421262,2026-07-07T08:13:59.430965+00:00,158.3,50,bid,,,10597461
2026-07-07T08:14:01.579427,2026-07-07T08:14:01.591465+00:00,158.2,50,ask,,,10597490
2026-07-07T08:14:03.687157,2026-07-07T08:14:03.696435+00:00,158.3,20,ask,,,10597514
2026-07-07T08:14:03.687157,2026-07-07T08:14:03.696435+00:00,158.2,30,ask,,,10597515
2026-07-07T08:14:05.795244,2026-07-07T08:14:05.803275+00:00,158.2,50,ask,,,10597542
2026-07-07T08:14:07.903516,2026-07-07T08:14:07.911928+00:00,158.1,50,ask,,,10597580
2026-07-07T08:14:10.011631,2026-07-07T08:14:10.018679+00:00,158.1,50,ask,,,10597610
2026-07-07T08:14:12.008567,2026-07-07T08:14:12.018652+00:00,158.3,11,bid,,,10597655
2026-07-07T08:14:12.119450,2026-07-07T08:14:12.129896+00:00,158.2,20,ask,,,10597657
2026-07-07T08:14:12.119450,2026-07-07T08:14:12.129896+00:00,158.1,30,ask,,,10597658
2026-07-07T08:14:14.227343,2026-07-07T08:14:14.234420+00:00,158.1,20,ask,,,10597695
2026-07-07T08:14:14.227343,2026-07-07T08:14:14.239397+00:00,158.1,20,ask,,,10597696
2026-07-07T08:14:14.227343,2026-07-07T08:14:14.239397+00:00,158.0,10,ask,,,10597697
2026-07-07T08:14:16.338794,2026-07-07T08:14:16.349747+00:00,158.1,20,ask,,,10597732
2026-07-07T08:14:17.878685,2026-07-07T08:14:17.888774+00:00,157.9,40,ask,,,10597762
2026-07-07T08:14:18.393795,2026-07-07T08:14:18.405883+00:00,158.4,50,bid,,,10597771
2026-07-07T08:14:18.495121,2026-07-07T08:14:18.506924+00:00,158.4,45,bid,,,10597774
2026-07-07T08:14:20.196646,2026-07-07T08:14:20.203961+00:00,158.0,49,ask,,,10597801
2026-07-07T08:14:20.516169,2026-07-07T08:14:20.529465+00:00,158.3,50,bid,,,10597804
2026-07-07T08:14:20.849886,2026-07-07T08:14:20.858584+00:00,158.3,43,bid,,,10597815
2026-07-07T08:14:22.632204,2026-07-07T08:14:22.640337+00:00,158.3,50,bid,,,10597839
2026-07-07T08:14:22.671658,2026-07-07T08:14:22.683166+00:00,158.0,41,ask,,,10597845
2026-07-07T08:14:23.470201,2026-07-07T08:14:23.479234+00:00,158.4,100,bid,,,10597851
2026-07-07T08:14:23.470201,2026-07-07T08:14:23.484588+00:00,158.5,50,bid,,,10597852
2026-07-07T08:14:24.750381,2026-07-07T08:14:24.769145+00:00,158.5,20,bid,,,10597879
2026-07-07T08:14:24.750381,2026-07-07T08:14:24.774586+00:00,159.1,30,bid,,,10597880
2026-07-07T08:14:25.220036,2026-07-07T08:14:25.228878+00:00,158.1,44,ask,,,10597893
2026-07-07T08:14:26.099826,2026-07-07T08:14:26.109880+00:00,158.4,45,bid,,,10597909
2026-07-07T08:14:26.863422,2026-07-07T08:14:26.875262+00:00,158.4,5,bid,,,10597925
2026-07-07T08:14:26.863422,2026-07-07T08:14:26.875262+00:00,158.5,45,bid,,,10597926
2026-07-07T08:14:27.836825,2026-07-07T08:14:27.848674+00:00,158.5,42,bid,,,10597934
2026-07-07T08:14:28.986607,2026-07-07T08:14:28.997365+00:00,158.4,50,bid,,,10597957
2026-07-07T08:14:31.093937,2026-07-07T08:14:31.105658+00:00,158.6,50,bid,,,10597987
2026-07-07T08:14:31.451857,2026-07-07T08:14:31.458594+00:00,158.5,42,ask,,,10597996
2026-07-07T08:14:32.376514,2026-07-07T08:14:32.388532+00:00,158.5,46,ask,,,10598007
2026-07-07T08:14:32.952459,2026-07-07T08:14:32.960329+00:00,158.8,44,bid,,,10598017
2026-07-07T08:14:33.225970,2026-07-07T08:14:33.234395+00:00,158.8,50,bid,,,10598020
2026-07-07T08:14:33.453450,2026-07-07T08:14:33.463592+00:00,158.8,6,bid,,,10598024
2026-07-07T08:14:33.453450,2026-07-07T08:14:33.468889+00:00,158.8,37,bid,,,10598025
2026-07-07T08:14:35.336495,2026-07-07T08:14:35.344813+00:00,158.8,50,bid,,,10598058
2026-07-07T08:14:36.978242,2026-07-07T08:14:36.985461+00:00,158.6,41,ask,,,10598071
2026-07-07T08:14:39.608735,2026-07-07T08:14:39.616304+00:00,158.7,50,ask,,,10598101
