timestamp,recv_time,price,volume,aggressor_side,buyer,seller,trade_id
2026-07-01T06:00:00.512298,2026-06-30T20:00:01.695004+00:00,72.9,50,bid,FlawlessFlatbreads,EarnestEspressos,1090595
2026-07-01T06:00:01.357587,2026-06-30T20:00:02.538737+00:00,72.8,47,ask,EarnestEspressos,CostlyCorianders,1090605
2026-07-01T06:00:02.620370,2026-06-30T20:00:03.805791+00:00,73.2,10,bid,FlawlessFlatbreads,Zijun Feng,1090633
2026-07-01T06:00:02.620370,2026-06-30T20:00:03.805791+00:00,73.3,40,bid,FlawlessFlatbreads,EarnestEspressos,1090634
2026-07-01T06:00:04.727762,2026-06-30T20:00:05.908056+00:00,73.0,10,bid,FlawlessFlatbreads,Zijun Feng,1090666
2026-07-01T06:00:04.727762,2026-06-30T20:00:05.908056+00:00,73.1,40,bid,FlawlessFlatbreads,EarnestEspressos,1090667
2026-07-01T06:00:04.951102,2026-06-30T20:00:06.136080+00:00,72.7,47,ask,DiligentDonuts,CostlyCorianders,1090673
2026-07-01T06:00:05.427960,2026-06-30T20:00:06.606650+00:00,73.0,10,bid,CostlyCorianders,Zijun Feng,1090686
2026-07-01T06:00:05.427960,2026-06-30T20:00:06.606650+00:00,73.1,32,bid,CostlyCorianders,EarnestEspressos,1090687
2026-07-01T06:00:06.446282,2026-06-30T20:00:07.623034+00:00,72.7,53,ask,DiligentDonuts,Chester Au,1090699
2026-07-01T06:00:06.836190,2026-06-30T20:00:08.016316+00:00,73.0,10,bid,FlawlessFlatbreads,Zijun Feng,1090702
2026-07-01T06:00:07.121841,2026-06-30T20:00:08.300864+00:00,72.7,55,ask,EarnestEspressos,Chester Au,1090707
2026-07-01T06:00:08.944350,2026-06-30T20:00:10.129578+00:00,72.8,50,bid,FlawlessFlatbreads,DiligentDonuts,1090731
2026-07-01T06:00:11.102830,2026-06-30T20:00:12.278637+00:00,72.4,50,ask,EarnestEspressos,FlawlessFlatbreads,1090758
2026-07-01T06:00:12.747980,2026-06-30T20:00:13.927935+00:00,72.9,48,bid,CostlyCorianders,EarnestEspressos,1090779
2026-07-01T06:00:13.210362,2026-06-30T20:00:14.385635+00:00,72.4,50,ask,EarnestEspressos,FlawlessFlatbreads,1090786
2026-07-01T06:00:15.317676,2026-06-30T20:00:16.494027+00:00,72.5,50,ask,DiligentDonuts,FlawlessFlatbreads,1090813
2026-07-01T06:00:15.461961,2026-06-30T20:00:16.645561+00:00,72.5,49,ask,DiligentDonuts,CostlyCorianders,1090817
2026-07-01T06:00:17.429399,2026-06-30T20:00:18.614018+00:00,72.3,50,ask,EarnestEspressos,FlawlessFlatbreads,1090842
2026-07-01T06:00:19.484663,2026-06-30T20:00:20.665691+00:00,72.7,50,bid,FlawlessFlatbreads,DiligentDonuts,1090863
2026-07-01T06:00:20.860140,2026-06-30T20:00:22.037702+00:00,72.7,47,bid,CostlyCorianders,EarnestEspressos,1090888
2026-07-01T06:00:21.477866,2026-06-30T20:00:22.663100+00:00,72.3,47,ask,DiligentDonuts,CostlyCorianders,1090900
2026-07-01T06:00:21.592190,2026-06-30T20:00:22.773159+00:00,72.7,50,bid,FlawlessFlatbreads,EarnestEspressos,1090902
2026-07-01T06:00:21.946887,2026-06-30T20:00:23.135202+00:00,72.7,44,bid,CostlyCorianders,EarnestEspressos,1090910
2026-07-01T06:00:23.852740,2026-06-30T20:00:25.029211+00:00,72.7,100,ask,EarnestEspressos,DiligentDonuts,1090946
2026-07-01T06:00:25.946349,2026-06-30T20:00:27.126704+00:00,72.7,42,ask,EarnestEspressos,CostlyCorianders,1090981
2026-07-01T06:00:27.162510,2026-06-30T20:00:28.344369+00:00,72.6,43,bid,CostlyCorianders,EarnestEspressos,1090999
2026-07-01T06:00:27.916601,2026-06-30T20:00:29.103944+00:00,72.6,50,bid,FlawlessFlatbreads,EarnestEspressos,1091002
2026-07-01T06:00:28.349562,2026-06-30T20:00:29.531881+00:00,72.4,46,ask,DiligentDonuts,CostlyCorianders,1091007
2026-07-01T06:00:28.982075,2026-06-30T20:00:30.167075+00:00,72.6,43,bid,CostlyCorianders,EarnestEspressos,1091016
2026-07-01T06:00:30.048606,2026-06-30T20:00:31.231209+00:00,72.9,50,bid,FlawlessFlatbreads,DiligentDonuts,1091030
2026-07-01T06:00:32.155094,2026-06-30T20:00:33.335303+00:00,73.0,50,bid,FlawlessFlatbreads,DiligentDonuts,1091063
2026-07-01T06:00:33.019663,2026-06-30T20:00:34.200582+00:00,72.7,49,ask,EarnestEspressos,CostlyCorianders,1091069
2026-07-01T06:00:33.482944,2026-06-30T20:00:34.660639+00:00,72.7,44,ask,EarnestEspressos,CostlyCorianders,1091075
2026-07-01T06:00:34.260993,2026-06-30T20:00:35.438622+00:00,73.0,10,bid,FlawlessFlatbreads,Zijun Feng,1091091
2026-07-01T06:00:34.260993,2026-06-30T20:00:35.449623+00:00,73.1,40,bid,FlawlessFlatbreads,DiligentDonuts,1091092
2026-07-01T06:00:35.743906,2026-06-30T20:00:36.922552+00:00,72.7,46,bid,CostlyCorianders,EarnestEspressos,1091120
2026-07-01T06:00:36.253838,2026-06-30T20:00:37.430484+00:00,72.7,44,bid,CostlyCorianders,EarnestEspressos,1091135
2026-07-01T06:00:36.394396,2026-06-30T20:00:37.571548+00:00,72.7,50,bid,FlawlessFlatbreads,EarnestEspressos,1091136
2026-07-01T06:00:38.502717,2026-06-30T20:00:39.679830+00:00,72.7,10,bid,FlawlessFlatbreads,EarnestEspressos,1091171
2026-07-01T06:00:38.502717,2026-06-30T20:00:39.690830+00:00,73.1,40,bid,FlawlessFlatbreads,DiligentDonuts,1091172
2026-07-01T06:00:39.870899,2026-06-30T20:00:41.048434+00:00,72.9,48,ask,EarnestEspressos,CostlyCorianders,1091189
2026-07-01T06:00:40.672229,2026-06-30T20:00:41.848536+00:00,72.9,50,ask,EarnestEspressos,FlawlessFlatbreads,1091199
2026-07-01T06:00:42.796038,2026-06-30T20:00:43.985795+00:00,72.4,50,ask,EarnestEspressos,FlawlessFlatbreads,1091233
2026-07-01T06:00:44.903254,2026-06-30T20:00:46.083590+00:00,72.7,50,ask,DiligentDonuts,FlawlessFlatbreads,1091266
2026-07-01T06:00:45.641284,2026-06-30T20:00:46.826674+00:00,72.8,47,bid,CostlyCorianders,EarnestEspressos,1091286
2026-07-01T06:00:46.208200,2026-06-30T20:00:47.384216+00:00,72.6,43,ask,DiligentDonuts,CostlyCorianders,1091292
2026-07-01T06:00:47.030259,2026-06-30T20:00:48.216275+00:00,72.6,50,ask,DiligentDonuts,FlawlessFlatbreads,1091307
2026-07-01T06:00:47.652148,2026-06-30T20:00:48.827885+00:00,72.8,44,bid,CostlyCorianders,EarnestEspressos,1091319
2026-07-01T06:00:47.706835,2026-06-30T20:00:48.882883+00:00,72.6,7,ask,DiligentDonuts,CostlyCorianders,1091322
2026-07-01T06:00:49.137673,2026-06-30T20:00:50.315951+00:00,72.6,50,ask,EarnestEspressos,FlawlessFlatbreads,1091338
2026-07-01T06:00:51.243858,2026-06-30T20:00:52.425856+00:00,72.6,50,ask,EarnestEspressos,FlawlessFlatbreads,1091364
2026-07-01T06:00:52.344498,2026-06-30T20:00:53.529987+00:00,72.6,46,ask,DiligentDonuts,CostlyCorianders,1091396
2026-07-01T06:00:53.350996,2026-06-30T20:00:54.536620+00:00,72.6,50,ask,DiligentDonuts,FlawlessFlatbreads,1091413
2026-07-01T06:00:55.458038,2026-06-30T20:00:56.639384+00:00,72.5,50,ask,EarnestEspressos,FlawlessFlatbreads,1091446
2026-07-01T06:00:57.563831,2026-06-30T20:00:58.748298+00:00,72.5,50,ask,EarnestEspressos,FlawlessFlatbreads,1091466
2026-07-01T06:00:58.552979,2026-06-30T20:00:59.741349+00:00,72.5,45,bid,CostlyCorianders,EarnestEspressos,1091476
2026-07-01T06:00:59.066557,2026-06-30T20:01:00.246746+00:00,72.2,40,ask,DiligentDonuts,CostlyCorianders,1091489
2026-07-01T06:00:59.671041,2026-06-30T20:01:00.858356+00:00,72.2,50,ask,DiligentDonuts,FlawlessFlatbreads,1091494
2026-07-01T06:01:01.776984,2026-06-30T20:01:02.953159+00:00,72.3,10,ask,Zijun Feng,FlawlessFlatbreads,1091524
2026-07-01T06:01:03.078365,2026-06-30T20:01:04.253894+00:00,72.4,46,bid,CostlyCorianders,DiligentDonuts,1091545
2026-07-01T06:01:03.883068,2026-06-30T20:01:05.061105+00:00,72.2,50,ask,EarnestEspressos,FlawlessFlatbreads,1091555
2026-07-01T06:01:04.118357,2026-06-30T20:01:05.301881+00:00,72.4,54,bid,Chester Au,DiligentDonuts,1091559
2026-07-01T06:01:04.190644,2026-06-30T20:01:05.367879+00:00,72.4,71,bid,Chester Au,EarnestEspressos,1091563
2026-07-01T06:01:04.521405,2026-06-30T20:01:05.705869+00:00,72.4,41,bid,CostlyCorianders,EarnestEspressos,1091568
2026-07-01T06:01:04.643694,2026-06-30T20:01:05.826097+00:00,72.4,38,bid,Chester Au,EarnestEspressos,1091572
2026-07-01T06:01:05.152820,2026-06-30T20:01:06.338063+00:00,72.2,40,ask,DiligentDonuts,CostlyCorianders,1091586
2026-07-01T06:01:05.989271,2026-06-30T20:01:07.170033+00:00,72.2,50,ask,DiligentDonuts,FlawlessFlatbreads,1091606
2026-07-01T06:01:07.096852,2026-06-30T20:01:08.275307+00:00,72.2,10,ask,DiligentDonuts,CostlyCorianders,1091628
2026-07-01T06:01:08.098426,2026-06-30T20:01:09.280972+00:00,72.6,50,ask,EarnestEspressos,FlawlessFlatbreads,1091640
2026-07-01T06:01:08.147009,2026-06-30T20:01:09.324486+00:00,72.6,100,ask,EarnestEspressos,DiligentDonuts,1091641
2026-07-01T06:01:10.203939,2026-06-30T20:01:11.388841+00:00,71.9,50,ask,DiligentDonuts,FlawlessFlatbreads,1091678
2026-07-01T06:01:11.296084,2026-06-30T20:01:12.479651+00:00,72.5,42,bid,CostlyCorianders,EarnestEspressos,1091698
2026-07-01T06:01:12.312188,2026-06-30T20:01:13.489083+00:00,72.1,10,ask,Zijun Feng,FlawlessFlatbreads,1091705
2026-07-01T06:01:12.312188,2026-06-30T20:01:13.500279+00:00,72.0,40,ask,EarnestEspressos,FlawlessFlatbreads,1091706
2026-07-01T06:01:14.426222,2026-06-30T20:01:15.606825+00:00,72.2,10,ask,Zijun Feng,CostlyCorianders,1091732
2026-07-01T06:01:14.426222,2026-06-30T20:01:15.606825+00:00,72.1,40,ask,EarnestEspressos,FlawlessFlatbreads,1091733
2026-07-01T06:01:14.858046,2026-06-30T20:01:16.044699+00:00,72.2,10,ask,Zijun Feng,FlawlessFlatbreads,1091737
2026-07-01T06:01:14.858046,2026-06-30T20:01:16.044699+00:00,72.1,37,ask,EarnestEspressos,CostlyCorianders,1091738
2026-07-01T06:01:16.323767,2026-06-30T20:01:17.509441+00:00,72.6,45,bid,CostlyCorianders,EarnestEspressos,1091762
2026-07-01T06:01:16.532699,2026-06-30T20:01:17.717511+00:00,72.1,50,ask,EarnestEspressos,FlawlessFlatbreads,1091763
2026-07-01T06:01:16.836817,2026-06-30T20:01:18.023593+00:00,72.1,100,ask,DiligentDonuts,EarnestEspressos,1091772
2026-07-01T06:01:16.845981,2026-06-30T20:01:18.023593+00:00,72.0,37,bid,Chester Au,EarnestEspressos,1091774
2026-07-01T06:01:18.303402,2026-06-30T20:01:19.484590+00:00,71.7,10,ask,Zijun Feng,CostlyCorianders,1091785
2026-07-01T06:01:18.303402,2026-06-30T20:01:19.484590+00:00,71.6,33,ask,DiligentDonuts,CostlyCorianders,1091786
2026-07-01T06:01:18.587815,2026-06-30T20:01:19.767090+00:00,72.0,13,bid,FlawlessFlatbreads,EarnestEspressos,1091791
2026-07-01T06:01:18.587815,2026-06-30T20:01:19.767090+00:00,72.1,37,bid,FlawlessFlatbreads,DiligentDonuts,1091792
2026-07-01T06:01:19.945841,2026-06-30T20:01:21.122974+00:00,72.1,63,bid,EarnestEspressos,DiligentDonuts,1091810
2026-07-01T06:01:20.749895,2026-06-30T20:01:21.932544+00:00,72.4,50,ask,EarnestEspressos,FlawlessFlatbreads,1091820
2026-07-01T06:01:21.493697,2026-06-30T20:01:22.675617+00:00,72.4,37,ask,EarnestEspressos,CostlyCorianders,1091826
2026-07-01T06:01:21.493697,2026-06-30T20:01:22.675617+00:00,72.4,5,ask,Zijun Feng,CostlyCorianders,1091827
2026-07-01T06:01:22.804573,2026-06-30T20:01:23.984142+00:00,72.6,50,bid,FlawlessFlatbreads,DiligentDonuts,1091850
2026-07-01T06:01:23.162802,2026-06-30T20:01:24.342785+00:00,72.2,10,ask,Zijun Feng,EarnestEspressos,1091856
2026-07-01T06:01:23.162802,2026-06-30T20:01:24.342785+00:00,72.1,100,ask,DiligentDonuts,EarnestEspressos,1091857
2026-07-01T06:01:24.911072,2026-06-30T20:01:26.090112+00:00,72.1,40,bid,FlawlessFlatbreads,EarnestEspressos,1091897
2026-07-01T06:01:24.911072,2026-06-30T20:01:26.101113+00:00,72.2,10,bid,FlawlessFlatbreads,DiligentDonuts,1091898
2026-07-01T06:01:26.272294,2026-06-30T20:01:27.454906+00:00,72.2,90,bid,EarnestEspressos,DiligentDonuts,1091909
2026-07-01T06:01:27.034719,2026-06-30T20:01:28.223045+00:00,72.7,5,bid,FlawlessFlatbreads,Zijun Feng,1091924
2026-07-01T06:01:27.034719,2026-06-30T20:01:28.223045+00:00,72.8,45,bid,FlawlessFlatbreads,EarnestEspressos,1091925
2026-07-01T06:01:29.144492,2026-06-30T20:01:30.324240+00:00,72.5,10,bid,FlawlessFlatbreads,Zijun Feng,1091949
2026-07-01T06:01:29.144492,2026-06-30T20:01:30.324240+00:00,72.6,40,bid,FlawlessFlatbreads,DiligentDonuts,1091950
2026-07-01T06:01:29.549417,2026-06-30T20:01:30.726373+00:00,72.6,41,bid,CostlyCorianders,DiligentDonuts,1091959
2026-07-01T06:01:30.049821,2026-06-30T20:01:31.235865+00:00,72.6,19,bid,CostlyCorianders,DiligentDonuts,1091968
2026-07-01T06:01:30.049821,2026-06-30T20:01:31.235865+00:00,72.6,28,bid,CostlyCorianders,EarnestEspressos,1091969
2026-07-01T06:01:31.253897,2026-06-30T20:01:32.433566+00:00,72.6,50,bid,FlawlessFlatbreads,EarnestEspressos,1091975
2026-07-01T06:01:32.670503,2026-06-30T20:01:33.854908+00:00,72.5,49,ask,EarnestEspressos,CostlyCorianders,1092000
2026-07-01T06:01:34.559123,2026-06-30T20:01:35.739075+00:00,72.5,48,ask,EarnestEspressos,CostlyCorianders,1092029
2026-07-01T06:01:35.523978,2026-06-30T20:01:36.703711+00:00,72.5,50,ask,EarnestEspressos,FlawlessFlatbreads,1092046
2026-07-01T06:01:35.813914,2026-06-30T20:01:36.998403+00:00,72.4,100,ask,DiligentDonuts,EarnestEspressos,1092054
2026-07-01T06:01:36.218039,2026-06-30T20:01:37.402820+00:00,72.1,48,bid,CostlyCorianders,EarnestEspressos,1092064
2026-07-01T06:01:37.629327,2026-06-30T20:01:38.811618+00:00,71.9,50,ask,DiligentDonuts,FlawlessFlatbreads,1092085
2026-07-01T06:01:38.887271,2026-06-30T20:01:40.073678+00:00,72.4,46,bid,CostlyCorianders,DiligentDonuts,1092103
2026-07-01T06:01:39.749804,2026-06-30T20:01:40.927892+00:00,72.3,50,ask,EarnestEspressos,FlawlessFlatbreads,1092123
2026-07-01T06:01:39.806318,2026-06-30T20:01:40.993903+00:00,72.3,100,ask,EarnestEspressos,DiligentDonuts,1092126
2026-07-01T06:01:42.916089,2026-06-30T20:01:44.096095+00:00,72.0,100,bid,DiligentDonuts,EarnestEspressos,1092174
2026-07-01T06:01:43.910500,2026-06-30T20:01:45.094420+00:00,72.0,50,bid,FlawlessFlatbreads,EarnestEspressos,1092187
2026-07-01T06:01:48.171666,2026-06-30T20:01:49.355445+00:00,72.4,50,ask,EarnestEspressos,FlawlessFlatbreads,1092241
2026-07-01T06:01:48.272105,2026-06-30T20:01:49.451963+00:00,72.4,45,ask,EarnestEspressos,CostlyCorianders,1092243
2026-07-01T06:01:50.228066,2026-06-30T20:01:51.405681+00:00,72.6,50,bid,FlawlessFlatbreads,EarnestEspressos,1092273
2026-07-01T06:01:50.486184,2026-06-30T20:01:51.668175+00:00,72.6,46,bid,CostlyCorianders,EarnestEspressos,1092274
2026-07-01T06:01:52.385649,2026-06-30T20:01:53.568557+00:00,72.5,50,ask,EarnestEspressos,FlawlessFlatbreads,1092296
2026-07-01T06:01:54.333777,2026-06-30T20:01:55.520409+00:00,72.6,41,bid,CostlyCorianders,DiligentDonuts,1092324
2026-07-01T06:01:54.387259,2026-06-30T20:01:55.564073+00:00,72.5,41,ask,EarnestEspressos,CostlyCorianders,1092326
2026-07-01T06:01:54.493490,2026-06-30T20:01:55.673811+00:00,72.5,50,ask,EarnestEspressos,FlawlessFlatbreads,1092327
2026-07-01T06:01:54.979095,2026-06-30T20:01:56.155422+00:00,72.2,10,ask,Zijun Feng,CostlyCorianders,1092338
2026-07-01T06:01:54.979095,2026-06-30T20:01:56.166436+00:00,72.1,33,ask,DiligentDonuts,CostlyCorianders,1092339
2026-07-01T06:01:56.600698,2026-06-30T20:01:57.780588+00:00,72.2,50,ask,DiligentDonuts,FlawlessFlatbreads,1092361
2026-07-01T06:01:56.621111,2026-06-30T20:01:57.802587+00:00,72.5,47,bid,CostlyCorianders,EarnestEspressos,1092364
2026-07-01T06:01:58.081725,2026-06-30T20:01:59.257342+00:00,72.2,42,ask,DiligentDonuts,CostlyCorianders,1092391
2026-07-01T06:01:58.707403,2026-06-30T20:01:59.888374+00:00,72.2,50,ask,EarnestEspressos,FlawlessFlatbreads,1092403
2026-07-01T06:02:00.814918,2026-06-30T20:02:01.991517+00:00,72.2,50,ask,EarnestEspressos,FlawlessFlatbreads,1092431
2026-07-01T06:02:01.139329,2026-06-30T20:02:02.318568+00:00,72.2,10,ask,Zijun Feng,EarnestEspressos,1092433
2026-07-01T06:02:01.830410,2026-06-30T20:02:03.006040+00:00,72.1,45,bid,CostlyCorianders,EarnestEspressos,1092450
2026-07-01T06:02:02.424695,2026-06-30T20:02:03.610718+00:00,72.1,42,bid,CostlyCorianders,EarnestEspressos,1092454
2026-07-01T06:02:02.871036,2026-06-30T20:02:04.049762+00:00,72.1,50,bid,FlawlessFlatbreads,EarnestEspressos,1092461
2026-07-01T06:02:02.901913,2026-06-30T20:02:04.082762+00:00,71.9,10,ask,Zijun Feng,CostlyCorianders,1092463
2026-07-01T06:02:02.901913,2026-06-30T20:02:04.082762+00:00,71.8,35,ask,DiligentDonuts,CostlyCorianders,1092464
2026-07-01T06:02:03.476170,2026-06-30T20:02:04.661856+00:00,72.1,3,bid,CostlyCorianders,EarnestEspressos,1092468
2026-07-01T06:02:03.476170,2026-06-30T20:02:04.661856+00:00,72.3,42,bid,CostlyCorianders,DiligentDonuts,1092469
2026-07-01T06:02:04.979289,2026-06-30T20:02:06.160137+00:00,72.3,50,bid,FlawlessFlatbreads,DiligentDonuts,1092486
2026-07-01T06:02:07.085902,2026-06-30T20:02:08.269817+00:00,72.5,10,bid,FlawlessFlatbreads,Zijun Feng,1092520
2026-07-01T06:02:07.085902,2026-06-30T20:02:08.269817+00:00,72.6,40,bid,FlawlessFlatbreads,DiligentDonuts,1092521
2026-07-01T06:02:09.243950,2026-06-30T20:02:10.424555+00:00,72.3,50,ask,EarnestEspressos,FlawlessFlatbreads,1092565
2026-07-01T06:02:10.725176,2026-06-30T20:02:11.905747+00:00,72.2,45,ask,DiligentDonuts,CostlyCorianders,1092587
2026-07-01T06:02:11.325650,2026-06-30T20:02:12.507624+00:00,72.1,44,ask,EarnestEspressos,CostlyCorianders,1092598
2026-07-01T06:02:11.351130,2026-06-30T20:02:12.529148+00:00,72.1,50,ask,EarnestEspressos,FlawlessFlatbreads,1092599
2026-07-01T06:02:11.791456,2026-06-30T20:02:12.972438+00:00,72.6,49,bid,CostlyCorianders,EarnestEspressos,1092603
2026-07-01T06:02:13.180948,2026-06-30T20:02:14.357665+00:00,72.2,45,ask,DiligentDonuts,CostlyCorianders,1092619
2026-07-01T06:02:13.457234,2026-06-30T20:02:14.643104+00:00,72.2,50,ask,DiligentDonuts,FlawlessFlatbreads,1092623
2026-07-01T06:02:14.333648,2026-06-30T20:02:15.518767+00:00,72.4,41,bid,CostlyCorianders,EarnestEspressos,1092641
2026-07-01T06:02:15.579799,2026-06-30T20:02:16.756865+00:00,72.0,10,ask,Zijun Feng,FlawlessFlatbreads,1092654
2026-07-01T06:02:15.579799,2026-06-30T20:02:16.767258+00:00,71.9,40,ask,EarnestEspressos,FlawlessFlatbreads,1092655
2026-07-01T06:02:16.008427,2026-06-30T20:02:17.184406+00:00,71.9,47,ask,EarnestEspressos,CostlyCorianders,1092661
2026-07-01T06:02:16.543734,2026-06-30T20:02:17.721474+00:00,72.4,41,bid,CostlyCorianders,EarnestEspressos,1092674
2026-07-01T06:02:17.637354,2026-06-30T20:02:18.817108+00:00,72.4,50,bid,FlawlessFlatbreads,DiligentDonuts,1092685
2026-07-01T06:02:19.333845,2026-06-30T20:02:20.513822+00:00,72.4,46,bid,CostlyCorianders,DiligentDonuts,1092707
2026-07-01T06:02:19.746674,2026-06-30T20:02:20.929878+00:00,72.4,50,bid,FlawlessFlatbreads,DiligentDonuts,1092710
2026-07-01T06:02:21.914208,2026-06-30T20:02:23.095787+00:00,72.1,50,ask,DiligentDonuts,FlawlessFlatbreads,1092745
2026-07-01T06:02:26.114166,2026-06-30T20:02:27.298171+00:00,71.8,10,ask,Zijun Feng,CostlyCorianders,1092800
2026-07-01T06:02:26.114166,2026-06-30T20:02:27.298171+00:00,71.7,38,ask,EarnestEspressos,CostlyCorianders,1092801
2026-07-01T06:02:27.179913,2026-06-30T20:02:28.362800+00:00,71.8,47,ask,DiligentDonuts,CostlyCorianders,1092820
2026-07-01T06:02:28.255144,2026-06-30T20:02:29.437628+00:00,71.8,50,ask,DiligentDonuts,FlawlessFlatbreads,1092831
2026-07-01T06:02:28.794627,2026-06-30T20:02:29.975018+00:00,72.0,41,bid,CostlyCorianders,EarnestEspressos,1092837
2026-07-01T06:02:30.311121,2026-06-30T20:02:31.494785+00:00,72.2,50,bid,FlawlessFlatbreads,EarnestEspressos,1092873
2026-07-01T06:02:30.350460,2026-06-30T20:02:31.527828+00:00,72.1,47,bid,CostlyCorianders,DiligentDonuts,1092874
2026-07-01T06:02:30.938952,2026-06-30T20:02:32.122538+00:00,72.1,47,bid,CostlyCorianders,DiligentDonuts,1092881
2026-07-01T06:02:31.431795,2026-06-30T20:02:32.611908+00:00,71.8,10,ask,Zijun Feng,CostlyCorianders,1092890
2026-07-01T06:02:31.431795,2026-06-30T20:02:32.611908+00:00,71.7,38,ask,EarnestEspressos,CostlyCorianders,1092891
2026-07-01T06:02:32.417401,2026-06-30T20:02:33.594797+00:00,72.1,6,bid,FlawlessFlatbreads,DiligentDonuts,1092900
2026-07-01T06:02:32.417401,2026-06-30T20:02:33.605808+00:00,72.2,44,bid,FlawlessFlatbreads,EarnestEspressos,1092901
2026-07-01T06:02:35.283266,2026-06-30T20:02:36.459318+00:00,72.1,41,ask,EarnestEspressos,CostlyCorianders,1092946
2026-07-01T06:02:36.908849,2026-06-30T20:02:38.087008+00:00,72.4,42,bid,CostlyCorianders,EarnestEspressos,1092984
2026-07-01T06:02:36.963877,2026-06-30T20:02:38.142020+00:00,72.1,42,ask,DiligentDonuts,CostlyCorianders,1092985
2026-07-01T06:02:38.088864,2026-06-30T20:02:39.269152+00:00,72.1,44,ask,DiligentDonuts,CostlyCorianders,1092999
2026-07-01T06:02:38.671599,2026-06-30T20:02:39.857753+00:00,72.4,45,bid,CostlyCorianders,EarnestEspressos,1093008
2026-07-01T06:02:39.834910,2026-06-30T20:02:41.020965+00:00,72.3,100,ask,EarnestEspressos,DiligentDonuts,1093020
2026-07-01T06:02:40.837115,2026-06-30T20:02:42.014649+00:00,72.7,10,bid,FlawlessFlatbreads,Zijun Feng,1093035
2026-07-01T06:02:40.837115,2026-06-30T20:02:42.025649+00:00,72.8,40,bid,FlawlessFlatbreads,EarnestEspressos,1093036
2026-07-01T06:02:42.996788,2026-06-30T20:02:44.173773+00:00,71.9,50,ask,EarnestEspressos,FlawlessFlatbreads,1093056
2026-07-01T06:02:44.047332,2026-06-30T20:02:45.225901+00:00,72.3,10,bid,CostlyCorianders,Zijun Feng,1093069
2026-07-01T06:02:44.047332,2026-06-30T20:02:45.225901+00:00,72.4,31,bid,CostlyCorianders,EarnestEspressos,1093070
2026-07-01T06:02:45.052761,2026-06-30T20:02:46.230501+00:00,72.4,50,bid,FlawlessFlatbreads,EarnestEspressos,1093078
2026-07-01T06:02:47.158958,2026-06-30T20:02:48.337644+00:00,72.3,10,bid,FlawlessFlatbreads,Zijun Feng,1093109
2026-07-01T06:02:47.158958,2026-06-30T20:02:48.337644+00:00,72.4,40,bid,FlawlessFlatbreads,DiligentDonuts,1093110
2026-07-01T06:02:47.605817,2026-06-30T20:02:48.786857+00:00,72.0,40,ask,EarnestEspressos,CostlyCorianders,1093115
2026-07-01T06:02:48.813036,2026-06-30T20:02:49.989485+00:00,72.4,49,bid,CostlyCorianders,DiligentDonuts,1093133
2026-07-01T06:02:49.266716,2026-06-30T20:02:50.448545+00:00,72.4,50,bid,FlawlessFlatbreads,EarnestEspressos,1093138
2026-07-01T06:02:51.372926,2026-06-30T20:02:52.559043+00:00,72.4,50,bid,FlawlessFlatbreads,EarnestEspressos,1093167
2026-07-01T06:02:53.483235,2026-06-30T20:02:54.666076+00:00,72.7,50,bid,FlawlessFlatbreads,EarnestEspressos,1093198
2026-07-01T06:02:54.066706,2026-06-30T20:02:55.245147+00:00,72.2,49,ask,EarnestEspressos,CostlyCorianders,1093212
2026-07-01T06:02:54.531733,2026-06-30T20:02:55.715211+00:00,72.2,48,ask,EarnestEspressos,CostlyCorianders,1093219
2026-07-01T06:02:55.134949,2026-06-30T20:02:56.317284+00:00,72.7,42,bid,CostlyCorianders,DiligentDonuts,1093229
2026-07-01T06:02:55.588017,2026-06-30T20:02:56.764860+00:00,72.7,50,bid,FlawlessFlatbreads,EarnestEspressos,1093233
2026-07-01T06:02:56.197753,2026-06-30T20:02:57.375842+00:00,72.4,47,ask,DiligentDonuts,CostlyCorianders,1093248
2026-07-01T06:02:57.246003,2026-06-30T20:02:58.425543+00:00,72.7,44,bid,CostlyCorianders,EarnestEspressos,1093256
2026-07-01T06:02:57.300996,2026-06-30T20:02:58.480543+00:00,72.4,45,ask,DiligentDonuts,CostlyCorianders,1093257
2026-07-01T06:02:57.694741,2026-06-30T20:02:58.875600+00:00,72.7,50,bid,FlawlessFlatbreads,EarnestEspressos,1093273
2026-07-01T06:02:58.022755,2026-06-30T20:02:59.198888+00:00,72.7,10,bid,EarnestEspressos,Zijun Feng,1093275
2026-07-01T06:02:58.825281,2026-06-30T20:03:00.013340+00:00,72.8,100,ask,EarnestEspressos,DiligentDonuts,1093289
2026-07-01T06:02:59.803971,2026-06-30T20:03:00.986374+00:00,73.2,10,bid,FlawlessFlatbreads,Zijun Feng,1093301
2026-07-01T06:02:59.803971,2026-06-30T20:03:00.986374+00:00,73.3,40,bid,FlawlessFlatbreads,EarnestEspressos,1093302
2026-07-01T06:03:00.761459,2026-06-30T20:03:01.940407+00:00,72.8,40,ask,EarnestEspressos,Chester Au,1093321
2026-07-01T06:03:01.402523,2026-06-30T20:03:02.585070+00:00,72.7,45,bid,CostlyCorianders,EarnestEspressos,1093334
2026-07-01T06:03:01.912734,2026-06-30T20:03:03.099475+00:00,72.7,50,bid,FlawlessFlatbreads,EarnestEspressos,1093340
2026-07-01T06:03:03.461201,2026-06-30T20:03:04.646848+00:00,72.4,49,ask,DiligentDonuts,CostlyCorianders,1093357
2026-07-01T06:03:04.024897,2026-06-30T20:03:05.206992+00:00,72.4,48,ask,DiligentDonuts,CostlyCorianders,1093360
2026-07-01T06:03:05.151572,2026-06-30T20:03:06.335663+00:00,72.6,100,ask,EarnestEspressos,DiligentDonuts,1093382
2026-07-01T06:03:08.246846,2026-06-30T20:03:09.426404+00:00,72.8,50,bid,FlawlessFlatbreads,EarnestEspressos,1093426
2026-07-01T06:03:12.513067,2026-06-30T20:03:13.691438+00:00,72.4,50,ask,DiligentDonuts,FlawlessFlatbreads,1093506
2026-07-01T06:03:14.569772,2026-06-30T20:03:15.751134+00:00,72.9,50,bid,FlawlessFlatbreads,EarnestEspressos,1093540
2026-07-01T06:03:16.678165,2026-06-30T20:03:17.860472+00:00,72.9,50,bid,FlawlessFlatbreads,EarnestEspressos,1093564
2026-07-01T06:03:17.014007,2026-06-30T20:03:18.196008+00:00,72.9,100,bid,EarnestEspressos,DiligentDonuts,1093568
2026-07-01T06:03:17.074550,2026-06-30T20:03:18.250386+00:00,72.9,50,ask,EarnestEspressos,Chester Au,1093569
2026-07-01T06:03:18.786527,2026-06-30T20:03:19.962660+00:00,73.1,10,bid,FlawlessFlatbreads,Zijun Feng,1093597
2026-07-01T06:03:18.786527,2026-06-30T20:03:19.973661+00:00,73.2,40,bid,FlawlessFlatbreads,DiligentDonuts,1093598
2026-07-01T06:03:19.357322,2026-06-30T20:03:20.535215+00:00,73.1,10,bid,CostlyCorianders,Zijun Feng,1093605
2026-07-01T06:03:19.357322,2026-06-30T20:03:20.535215+00:00,73.2,36,bid,CostlyCorianders,DiligentDonuts,1093606
2026-07-01T06:03:20.894480,2026-06-30T20:03:22.077086+00:00,72.8,50,bid,FlawlessFlatbreads,EarnestEspressos,1093630
2026-07-01T06:03:20.912729,2026-06-30T20:03:22.098113+00:00,72.8,100,bid,DiligentDonuts,EarnestEspressos,1093631
2026-07-01T06:03:23.056465,2026-06-30T20:03:24.237868+00:00,72.3,50,ask,EarnestEspressos,FlawlessFlatbreads,1093674
2026-07-01T06:03:25.112429,2026-06-30T20:03:26.292146+00:00,72.8,50,bid,FlawlessFlatbreads,DiligentDonuts,1093700
2026-07-01T06:03:25.167209,2026-06-30T20:03:26.345371+00:00,72.8,44,bid,CostlyCorianders,DiligentDonuts,1093702
2026-07-01T06:03:26.811448,2026-06-30T20:03:27.993584+00:00,72.6,44,ask,EarnestEspressos,CostlyCorianders,1093736
2026-07-01T06:03:27.857361,2026-06-30T20:03:29.037052+00:00,72.6,40,ask,EarnestEspressos,CostlyCorianders,1093757
2026-07-01T06:03:32.877219,2026-06-30T20:03:34.055348+00:00,72.5,100,ask,DiligentDonuts,EarnestEspressos,1093850
2026-07-01T06:03:33.528698,2026-06-30T20:03:34.710718+00:00,72.5,50,bid,FlawlessFlatbreads,EarnestEspressos,1093853
2026-07-01T06:03:34.476011,2026-06-30T20:03:35.652228+00:00,72.7,43,bid,CostlyCorianders,DiligentDonuts,1093866
2026-07-01T06:03:35.634860,2026-06-30T20:03:36.816079+00:00,72.7,50,bid,FlawlessFlatbreads,DiligentDonuts,1093889
2026-07-01T06:03:35.988384,2026-06-30T20:03:37.165199+00:00,72.7,7,bid,EarnestEspressos,DiligentDonuts,1093897
2026-07-01T06:03:36.061857,2026-06-30T20:03:37.242506+00:00,72.7,110,ask,EarnestEspressos,Chester Au,1093902
2026-07-01T06:03:37.745314,2026-06-30T20:03:38.926804+00:00,73.0,10,bid,FlawlessFlatbreads,Zijun Feng,1093930
2026-07-01T06:03:37.745314,2026-06-30T20:03:38.926804+00:00,73.1,40,bid,FlawlessFlatbreads,DiligentDonuts,1093931
2026-07-01T06:03:39.854824,2026-06-30T20:03:41.040189+00:00,72.9,50,bid,FlawlessFlatbreads,EarnestEspressos,1093969
2026-07-01T06:03:39.905812,2026-06-30T20:03:41.084058+00:00,72.9,100,bid,DiligentDonuts,EarnestEspressos,1093970
2026-07-01T06:03:41.963105,2026-06-30T20:03:43.139841+00:00,73.4,50,bid,FlawlessFlatbreads,DiligentDonuts,1094004
2026-07-01T06:03:44.067759,2026-06-30T20:03:45.253884+00:00,72.8,50,bid,FlawlessFlatbreads,DiligentDonuts,1094041
2026-07-01T06:03:44.737867,2026-06-30T20:03:45.920577+00:00,72.7,46,ask,EarnestEspressos,CostlyCorianders,1094059
2026-07-01T06:03:45.378504,2026-06-30T20:03:46.563322+00:00,72.7,42,ask,EarnestEspressos,CostlyCorianders,1094072
2026-07-01T06:03:46.174016,2026-06-30T20:03:47.359197+00:00,72.7,10,bid,FlawlessFlatbreads,Zijun Feng,1094084
2026-07-01T06:03:46.174016,2026-06-30T20:03:47.359197+00:00,72.8,40,bid,FlawlessFlatbreads,DiligentDonuts,1094085
2026-07-01T06:03:48.303022,2026-06-30T20:03:49.486308+00:00,72.8,10,bid,FlawlessFlatbreads,Zijun Feng,1094120
2026-07-01T06:03:48.303022,2026-06-30T20:03:49.486308+00:00,72.9,40,bid,FlawlessFlatbreads,EarnestEspressos,1094121
2026-07-01T06:03:50.413345,2026-06-30T20:03:51.594007+00:00,72.9,50,bid,FlawlessFlatbreads,EarnestEspressos,1094154
2026-07-01T06:03:50.933971,2026-06-30T20:03:52.120014+00:00,72.9,46,bid,CostlyCorianders,EarnestEspressos,1094161
2026-07-01T06:03:52.572719,2026-06-30T20:03:53.751450+00:00,72.6,50,ask,EarnestEspressos,FlawlessFlatbreads,1094175
2026-07-01T06:03:54.628566,2026-06-30T20:03:55.814178+00:00,73.0,10,bid,FlawlessFlatbreads,Zijun Feng,1094205
2026-07-01T06:03:54.628566,2026-06-30T20:03:55.814178+00:00,73.1,40,bid,FlawlessFlatbreads,EarnestEspressos,1094206
2026-07-01T06:03:56.792270,2026-06-30T20:03:57.971673+00:00,72.6,50,ask,EarnestEspressos,FlawlessFlatbreads,1094238
2026-07-01T06:03:59.602152,2026-06-30T20:04:00.784876+00:00,72.3,44,ask,DiligentDonuts,CostlyCorianders,1094274
2026-07-01T06:04:00.071745,2026-06-30T20:04:01.255273+00:00,72.5,10,bid,CostlyCorianders,Zijun Feng,1094278
2026-07-01T06:04:00.071745,2026-06-30T20:04:01.255273+00:00,72.6,32,bid,CostlyCorianders,EarnestEspressos,1094279
2026-07-01T06:04:00.637918,2026-06-30T20:04:01.814440+00:00,72.5,10,bid,CostlyCorianders,Zijun Feng,1094290
2026-07-01T06:04:00.637918,2026-06-30T20:04:01.825440+00:00,72.6,30,bid,CostlyCorianders,EarnestEspressos,1094291
2026-07-01T06:04:01.021274,2026-06-30T20:04:02.209487+00:00,72.3,50,ask,DiligentDonuts,FlawlessFlatbreads,1094293
2026-07-01T06:04:01.285404,2026-06-30T20:04:02.473527+00:00,72.3,6,ask,DiligentDonuts,CostlyCorianders,1094294
2026-07-01T06:04:01.307818,2026-06-30T20:04:02.484527+00:00,72.5,10,bid,EarnestEspressos,Zijun Feng,1094295
2026-07-01T06:04:02.090987,2026-06-30T20:04:03.274207+00:00,72.6,100,ask,EarnestEspressos,DiligentDonuts,1094311
2026-07-01T06:04:03.077062,2026-06-30T20:04:04.263114+00:00,73.0,10,bid,FlawlessFlatbreads,Zijun Feng,1094331
2026-07-01T06:04:03.077062,2026-06-30T20:04:04.263114+00:00,73.1,40,bid,FlawlessFlatbreads,EarnestEspressos,1094332
2026-07-01T06:04:05.096658,2026-06-30T20:04:06.283998+00:00,72.1,41,ask,EarnestEspressos,CostlyCorianders,1094359
2026-07-01T06:04:05.237695,2026-06-30T20:04:06.414014+00:00,72.2,50,ask,DiligentDonuts,FlawlessFlatbreads,1094360
2026-07-01T06:04:05.696833,2026-06-30T20:04:06.874558+00:00,72.5,10,bid,CostlyCorianders,Zijun Feng,1094365
2026-07-01T06:04:05.696833,2026-06-30T20:04:06.874558+00:00,72.6,36,bid,CostlyCorianders,EarnestEspressos,1094366
2026-07-01T06:04:07.195839,2026-06-30T20:04:08.383031+00:00,72.2,44,ask,DiligentDonuts,CostlyCorianders,1094386
2026-07-01T06:04:07.294973,2026-06-30T20:04:08.482043+00:00,72.5,10,bid,FlawlessFlatbreads,Zijun Feng,1094390
2026-07-01T06:04:07.294973,2026-06-30T20:04:08.482043+00:00,72.6,40,bid,FlawlessFlatbreads,EarnestEspressos,1094391
2026-07-01T06:04:09.906403,2026-06-30T20:04:11.102674+00:00,72.0,47,ask,EarnestEspressos,CostlyCorianders,1094429
2026-07-01T06:04:11.506643,2026-06-30T20:04:12.710954+00:00,72.5,50,bid,FlawlessFlatbreads,EarnestEspressos,1094468
2026-07-01T06:04:13.175298,2026-06-30T20:04:14.352423+00:00,72.4,47,bid,CostlyCorianders,DiligentDonuts,1094488
2026-07-01T06:04:13.663652,2026-06-30T20:04:14.846234+00:00,72.0,50,ask,EarnestEspressos,FlawlessFlatbreads,1094492
2026-07-01T06:04:14.257316,2026-06-30T20:04:15.438663+00:00,72.4,42,bid,CostlyCorianders,DiligentDonuts,1094500
2026-07-01T06:04:15.771516,2026-06-30T20:04:16.950392+00:00,72.0,50,ask,DiligentDonuts,FlawlessFlatbreads,1094515
2026-07-01T06:04:16.872604,2026-06-30T20:04:18.053104+00:00,72.1,10,ask,Zijun Feng,CostlyCorianders,1094535
2026-07-01T06:04:16.872604,2026-06-30T20:04:18.053104+00:00,72.0,36,ask,DiligentDonuts,CostlyCorianders,1094536
2026-07-01T06:04:17.878924,2026-06-30T20:04:19.062100+00:00,72.0,50,ask,EarnestEspressos,FlawlessFlatbreads,1094553
2026-07-01T06:04:18.860369,2026-06-30T20:04:20.046713+00:00,72.0,46,ask,EarnestEspressos,CostlyCorianders,1094568
2026-07-01T06:04:22.039345,2026-06-30T20:04:23.218090+00:00,72.1,50,bid,FlawlessFlatbreads,EarnestEspressos,1094605
2026-07-01T06:04:22.535265,2026-06-30T20:04:23.719758+00:00,72.1,45,bid,CostlyCorianders,EarnestEspressos,1094612
2026-07-01T06:04:23.070398,2026-06-30T20:04:24.255245+00:00,71.9,46,ask,DiligentDonuts,CostlyCorianders,1094618
2026-07-01T06:04:24.198325,2026-06-30T20:04:25.374536+00:00,71.8,50,ask,EarnestEspressos,FlawlessFlatbreads,1094641
2026-07-01T06:04:24.587198,2026-06-30T20:04:25.770429+00:00,71.9,41,bid,CostlyCorianders,DiligentDonuts,1094647
2026-07-01T06:04:26.253236,2026-06-30T20:04:27.431630+00:00,71.9,50,bid,FlawlessFlatbreads,DiligentDonuts,1094679
2026-07-01T06:04:26.646075,2026-06-30T20:04:27.826683+00:00,71.8,10,ask,Zijun Feng,CostlyCorianders,1094685
2026-07-01T06:04:28.410925,2026-06-30T20:04:29.588568+00:00,71.6,50,ask,DiligentDonuts,FlawlessFlatbreads,1094716
2026-07-01T06:04:30.465693,2026-06-30T20:04:31.652683+00:00,72.1,50,bid,FlawlessFlatbreads,DiligentDonuts,1094735
2026-07-01T06:04:32.203553,2026-06-30T20:04:33.389377+00:00,72.1,49,bid,CostlyCorianders,EarnestEspressos,1094760
2026-07-01T06:04:32.574247,2026-06-30T20:04:33.750139+00:00,72.1,50,bid,FlawlessFlatbreads,EarnestEspressos,1094763
2026-07-01T06:04:34.682322,2026-06-30T20:04:35.860679+00:00,72.0,10,bid,FlawlessFlatbreads,Zijun Feng,1094792
2026-07-01T06:04:34.682322,2026-06-30T20:04:35.860679+00:00,72.1,40,bid,FlawlessFlatbreads,DiligentDonuts,1094793
2026-07-01T06:04:36.793747,2026-06-30T20:04:37.972939+00:00,72.0,10,bid,FlawlessFlatbreads,Zijun Feng,1094827
2026-07-01T06:04:36.793747,2026-06-30T20:04:37.972939+00:00,72.1,40,bid,FlawlessFlatbreads,DiligentDonuts,1094828
2026-07-01T06:04:41.007215,2026-06-30T20:04:42.188473+00:00,72.2,50,bid,FlawlessFlatbreads,EarnestEspressos,1094898
2026-07-01T06:04:42.532578,2026-06-30T20:04:43.719532+00:00,72.1,41,ask,EarnestEspressos,CostlyCorianders,1094923
2026-07-01T06:04:43.113756,2026-06-30T20:04:44.299740+00:00,72.2,50,bid,FlawlessFlatbreads,DiligentDonuts,1094932
2026-07-01T06:04:45.725847,2026-06-30T20:04:46.902761+00:00,72.1,44,ask,DiligentDonuts,CostlyCorianders,1094967
2026-07-01T06:04:47.323831,2026-06-30T20:04:48.509408+00:00,72.4,50,bid,FlawlessFlatbreads,EarnestEspressos,1094992
2026-07-01T06:04:49.428430,2026-06-30T20:04:50.607131+00:00,72.4,50,bid,FlawlessFlatbreads,DiligentDonuts,1095037
2026-07-01T06:04:49.444424,2026-06-30T20:04:50.628522+00:00,72.5,44,bid,CostlyCorianders,EarnestEspressos,1095038
2026-07-01T06:04:51.538148,2026-06-30T20:04:52.720782+00:00,72.4,50,bid,FlawlessFlatbreads,DiligentDonuts,1095067
2026-07-01T06:04:51.889347,2026-06-30T20:04:53.071830+00:00,72.0,46,ask,EarnestEspressos,CostlyCorianders,1095072
2026-07-01T06:04:52.502844,2026-06-30T20:04:53.687418+00:00,72.4,42,bid,CostlyCorianders,DiligentDonuts,1095083
2026-07-01T06:04:53.694392,2026-06-30T20:04:54.879050+00:00,72.3,50,ask,DiligentDonuts,FlawlessFlatbreads,1095102
2026-07-01T06:04:54.613853,2026-06-30T20:04:55.800172+00:00,72.3,45,ask,DiligentDonuts,CostlyCorianders,1095116
2026-07-01T06:04:55.801644,2026-06-30T20:04:56.986689+00:00,72.1,50,ask,EarnestEspressos,FlawlessFlatbreads,1095130
2026-07-01T06:04:56.071758,2026-06-30T20:04:57.256841+00:00,72.6,46,bid,CostlyCorianders,EarnestEspressos,1095138
2026-07-01T06:04:57.227988,2026-06-30T20:04:58.404491+00:00,72.1,41,ask,EarnestEspressos,CostlyCorianders,1095161
2026-07-01T06:04:57.908008,2026-06-30T20:04:59.092573+00:00,72.1,50,ask,EarnestEspressos,FlawlessFlatbreads,1095165
2026-07-01T06:04:58.790040,2026-06-30T20:04:59.971692+00:00,72.1,46,ask,DiligentDonuts,CostlyCorianders,1095182
2026-07-01T06:05:00.014950,2026-06-30T20:05:01.199412+00:00,71.7,50,ask,EarnestEspressos,FlawlessFlatbreads,1095201
2026-07-01T06:05:02.123366,2026-06-30T20:05:03.307577+00:00,71.7,10,ask,Zijun Feng,FlawlessFlatbreads,1095223
2026-07-01T06:05:02.123366,2026-06-30T20:05:03.307577+00:00,71.3,40,ask,EarnestEspressos,FlawlessFlatbreads,1095224
2026-07-01T06:05:04.230499,2026-06-30T20:05:05.416357+00:00,71.7,50,ask,DiligentDonuts,FlawlessFlatbreads,1095253
2026-07-01T06:05:04.683963,2026-06-30T20:05:05.865426+00:00,71.7,50,ask,DiligentDonuts,EarnestEspressos,1095258
2026-07-01T06:05:05.288342,2026-06-30T20:05:06.468942+00:00,71.6,44,bid,CostlyCorianders,EarnestEspressos,1095270
2026-07-01T06:05:06.337093,2026-06-30T20:05:07.517214+00:00,71.4,50,ask,DiligentDonuts,FlawlessFlatbreads,1095284
2026-07-01T06:05:07.766083,2026-06-30T20:05:08.948611+00:00,71.9,42,bid,CostlyCorianders,DiligentDonuts,1095304
2026-07-01T06:05:08.445261,2026-06-30T20:05:09.626918+00:00,71.4,50,ask,EarnestEspressos,FlawlessFlatbreads,1095315
2026-07-01T06:05:09.234522,2026-06-30T20:05:10.416131+00:00,71.9,42,bid,CostlyCorianders,EarnestEspressos,1095320
2026-07-01T06:05:10.552413,2026-06-30T20:05:11.734151+00:00,71.4,50,ask,EarnestEspressos,FlawlessFlatbreads,1095338
2026-07-01T06:05:12.658650,2026-06-30T20:05:13.840308+00:00,71.5,10,ask,Zijun Feng,FlawlessFlatbreads,1095359
2026-07-01T06:05:12.658650,2026-06-30T20:05:13.840308+00:00,71.4,40,ask,DiligentDonuts,FlawlessFlatbreads,1095360
2026-07-01T06:05:12.872544,2026-06-30T20:05:14.049078+00:00,71.4,43,ask,DiligentDonuts,CostlyCorianders,1095366
2026-07-01T06:05:14.765888,2026-06-30T20:05:15.942681+00:00,71.3,50,ask,EarnestEspressos,FlawlessFlatbreads,1095396
2026-07-01T06:05:15.171500,2026-06-30T20:05:16.357730+00:00,71.8,46,bid,CostlyCorianders,EarnestEspressos,1095400
2026-07-01T06:05:16.333032,2026-06-30T20:05:17.517871+00:00,71.8,43,bid,CostlyCorianders,EarnestEspressos,1095417
2026-07-01T06:05:16.878257,2026-06-30T20:05:18.056051+00:00,71.4,50,ask,DiligentDonuts,FlawlessFlatbreads,1095423
2026-07-01T06:05:18.988932,2026-06-30T20:05:20.177075+00:00,71.5,50,ask,EarnestEspressos,FlawlessFlatbreads,1095448
2026-07-01T06:05:21.094083,2026-06-30T20:05:22.280515+00:00,71.4,50,ask,EarnestEspressos,FlawlessFlatbreads,1095473
2026-07-01T06:05:21.097538,2026-06-30T20:05:22.280515+00:00,71.4,45,ask,EarnestEspressos,CostlyCorianders,1095474
2026-07-01T06:05:23.200329,2026-06-30T20:05:24.387298+00:00,71.4,50,ask,EarnestEspressos,FlawlessFlatbreads,1095502
2026-07-01T06:05:23.651767,2026-06-30T20:05:24.833024+00:00,71.4,10,ask,Zijun Feng,EarnestEspressos,1095507
2026-07-01T06:05:25.311020,2026-06-30T20:05:26.497663+00:00,71.1,50,ask,DiligentDonuts,FlawlessFlatbreads,1095539
2026-07-01T06:05:25.353516,2026-06-30T20:05:26.530663+00:00,71.2,46,bid,CostlyCorianders,EarnestEspressos,1095541
2026-07-01T06:05:26.988988,2026-06-30T20:05:28.167585+00:00,71.1,47,ask,DiligentDonuts,CostlyCorianders,1095567
2026-07-01T06:05:27.418109,2026-06-30T20:05:28.601008+00:00,71.1,10,ask,Zijun Feng,FlawlessFlatbreads,1095574
2026-07-01T06:05:27.418109,2026-06-30T20:05:28.601008+00:00,70.8,40,ask,EarnestEspressos,FlawlessFlatbreads,1095575
2026-07-01T06:05:28.092846,2026-06-30T20:05:29.277448+00:00,71.1,42,bid,CostlyCorianders,DiligentDonuts,1095588
2026-07-01T06:05:29.196650,2026-06-30T20:05:30.382968+00:00,70.9,10,ask,Zijun Feng,CostlyCorianders,1095604
2026-07-01T06:05:29.196650,2026-06-30T20:05:30.382968+00:00,70.8,31,ask,EarnestEspressos,CostlyCorianders,1095605
2026-07-01T06:05:29.474338,2026-06-30T20:05:30.655524+00:00,71.1,50,bid,FlawlessFlatbreads,DiligentDonuts,1095608
2026-07-01T06:05:30.616529,2026-06-30T20:05:31.802415+00:00,71.1,100,bid,DiligentDonuts,EarnestEspressos,1095621
2026-07-01T06:05:31.423634,2026-06-30T20:05:32.602484+00:00,71.1,50,bid,Chester Au,EarnestEspressos,1095638
2026-07-01T06:05:31.581183,2026-06-30T20:05:32.766774+00:00,71.7,50,bid,FlawlessFlatbreads,DiligentDonuts,1095642
2026-07-01T06:05:31.679434,2026-06-30T20:05:32.865055+00:00,71.7,45,bid,CostlyCorianders,DiligentDonuts,1095643
2026-07-01T06:05:33.689036,2026-06-30T20:05:34.869762+00:00,71.7,5,bid,FlawlessFlatbreads,DiligentDonuts,1095657
2026-07-01T06:05:33.689036,2026-06-30T20:05:34.869762+00:00,71.9,45,bid,FlawlessFlatbreads,EarnestEspressos,1095658
2026-07-01T06:05:34.993449,2026-06-30T20:05:36.179700+00:00,71.4,48,ask,EarnestEspressos,CostlyCorianders,1095679
2026-07-01T06:05:35.859547,2026-06-30T20:05:37.039756+00:00,71.4,50,ask,EarnestEspressos,FlawlessFlatbreads,1095692
2026-07-01T06:05:37.914943,2026-06-30T20:05:39.094905+00:00,71.6,50,bid,FlawlessFlatbreads,EarnestEspressos,1095715
2026-07-01T06:05:40.021156,2026-06-30T20:05:41.206114+00:00,71.6,50,bid,FlawlessFlatbreads,DiligentDonuts,1095749
2026-07-01T06:05:40.227105,2026-06-30T20:05:41.411806+00:00,71.3,41,ask,EarnestEspressos,CostlyCorianders,1095755
2026-07-01T06:05:41.993239,2026-06-30T20:05:43.177483+00:00,71.3,50,ask,EarnestEspressos,Chester Au,1095776
2026-07-01T06:05:42.650021,2026-06-30T20:05:43.828098+00:00,71.2,100,ask,DiligentDonuts,EarnestEspressos,1095792
2026-07-01T06:05:43.353167,2026-06-30T20:05:44.530235+00:00,71.2,49,bid,CostlyCorianders,EarnestEspressos,1095802
2026-07-01T06:05:43.912106,2026-06-30T20:05:45.099306+00:00,71.2,1,bid,CostlyCorianders,EarnestEspressos,1095811
2026-07-01T06:05:43.912106,2026-06-30T20:05:45.099306+00:00,71.3,48,bid,CostlyCorianders,DiligentDonuts,1095812
2026-07-01T06:05:44.990802,2026-06-30T20:05:46.171443+00:00,70.9,10,ask,Zijun Feng,CostlyCorianders,1095828
2026-07-01T06:05:44.990802,2026-06-30T20:05:46.171443+00:00,70.8,36,ask,DiligentDonuts,CostlyCorianders,1095829
2026-07-01T06:05:45.761636,2026-06-30T20:05:46.946627+00:00,71.3,52,bid,EarnestEspressos,DiligentDonuts,1095841
2026-07-01T06:05:46.398266,2026-06-30T20:05:47.582559+00:00,71.5,50,ask,EarnestEspressos,FlawlessFlatbreads,1095855
2026-07-01T06:05:46.479653,2026-06-30T20:05:47.657383+00:00,71.5,48,ask,EarnestEspressos,DiligentDonuts,1095857
2026-07-01T06:05:46.589334,2026-06-30T20:05:47.765649+00:00,71.5,43,bid,CostlyCorianders,DiligentDonuts,1095859
2026-07-01T06:05:48.289562,2026-06-30T20:05:49.467872+00:00,71.0,49,ask,DiligentDonuts,CostlyCorianders,1095889
2026-07-01T06:05:48.503987,2026-06-30T20:05:49.687387+00:00,71.0,50,ask,DiligentDonuts,FlawlessFlatbreads,1095897
2026-07-01T06:05:50.614715,2026-06-30T20:05:51.795070+00:00,71.1,50,ask,DiligentDonuts,FlawlessFlatbreads,1095931
2026-07-01T06:05:52.037591,2026-06-30T20:05:53.225467+00:00,71.4,44,bid,CostlyCorianders,EarnestEspressos,1095944
2026-07-01T06:05:52.722035,2026-06-30T20:05:53.903308+00:00,71.1,50,ask,EarnestEspressos,FlawlessFlatbreads,1095957
2026-07-01T06:05:54.002383,2026-06-30T20:05:55.188214+00:00,71.1,40,ask,EarnestEspressos,CostlyCorianders,1095987
2026-07-01T06:05:54.828887,2026-06-30T20:05:56.007582+00:00,71.1,50,ask,EarnestEspressos,FlawlessFlatbreads,1095995
2026-07-01T06:05:55.320545,2026-06-30T20:05:56.506732+00:00,71.0,100,ask,DiligentDonuts,EarnestEspressos,1096001
2026-07-01T06:05:55.676816,2026-06-30T20:05:56.868115+00:00,70.9,42,bid,CostlyCorianders,EarnestEspressos,1096005
2026-07-01T06:05:56.450752,2026-06-30T20:05:57.636557+00:00,70.9,8,bid,Chester Au,EarnestEspressos,1096020
2026-07-01T06:05:56.938279,2026-06-30T20:05:58.116215+00:00,70.6,10,ask,Zijun Feng,FlawlessFlatbreads,1096031
2026-07-01T06:05:56.938279,2026-06-30T20:05:58.126946+00:00,70.5,40,ask,DiligentDonuts,FlawlessFlatbreads,1096032
2026-07-01T06:05:58.430344,2026-06-30T20:05:59.607651+00:00,71.0,100,bid,EarnestEspressos,DiligentDonuts,1096058
2026-07-01T06:05:59.047333,2026-06-30T20:06:00.224195+00:00,71.1,50,ask,EarnestEspressos,FlawlessFlatbreads,1096074
2026-07-01T06:06:00.973500,2026-06-30T20:06:02.159437+00:00,71.0,42,bid,CostlyCorianders,DiligentDonuts,1096106
2026-07-01T06:06:01.156529,2026-06-30T20:06:02.334454+00:00,70.6,10,ask,Zijun Feng,FlawlessFlatbreads,1096112
2026-07-01T06:06:01.156529,2026-06-30T20:06:02.345454+00:00,70.5,40,ask,DiligentDonuts,FlawlessFlatbreads,1096113
2026-07-01T06:06:03.007228,2026-06-30T20:06:04.184212+00:00,70.8,125,bid,Chester Au,EarnestEspressos,1096139
2026-07-01T06:06:03.213958,2026-06-30T20:06:04.392728+00:00,70.8,25,bid,FlawlessFlatbreads,EarnestEspressos,1096142
2026-07-01T06:06:03.213958,2026-06-30T20:06:04.392728+00:00,71.0,25,bid,FlawlessFlatbreads,DiligentDonuts,1096143
2026-07-01T06:06:04.194400,2026-06-30T20:06:05.377839+00:00,70.5,48,ask,DiligentDonuts,CostlyCorianders,1096162
2026-07-01T06:06:05.372280,2026-06-30T20:06:06.555351+00:00,70.7,50,ask,EarnestEspressos,FlawlessFlatbreads,1096183
2026-07-01T06:06:09.538455,2026-06-30T20:06:10.722050+00:00,70.8,50,bid,FlawlessFlatbreads,DiligentDonuts,1096255
2026-07-01T06:06:09.786341,2026-06-30T20:06:10.972539+00:00,70.5,42,ask,EarnestEspressos,CostlyCorianders,1096256
2026-07-01T06:06:10.362923,2026-06-30T20:06:11.542114+00:00,70.8,40,bid,CostlyCorianders,DiligentDonuts,1096267
2026-07-01T06:06:11.303115,2026-06-30T20:06:12.485718+00:00,70.8,10,bid,CostlyCorianders,DiligentDonuts,1096283
2026-07-01T06:06:11.303115,2026-06-30T20:06:12.485718+00:00,71.0,34,bid,CostlyCorianders,EarnestEspressos,1096284
2026-07-01T06:06:11.644892,2026-06-30T20:06:12.824815+00:00,71.0,50,bid,FlawlessFlatbreads,EarnestEspressos,1096287
2026-07-01T06:06:12.365606,2026-06-30T20:06:13.552690+00:00,70.8,42,ask,DiligentDonuts,CostlyCorianders,1096295
2026-07-01T06:06:12.919208,2026-06-30T20:06:14.098836+00:00,70.8,44,ask,DiligentDonuts,CostlyCorianders,1096303
2026-07-01T06:06:13.445859,2026-06-30T20:06:14.625984+00:00,71.0,46,bid,CostlyCorianders,EarnestEspressos,1096309
2026-07-01T06:06:13.752669,2026-06-30T20:06:14.931033+00:00,71.0,20,bid,FlawlessFlatbreads,EarnestEspressos,1096313
2026-07-01T06:06:14.387812,2026-06-30T20:06:15.566615+00:00,71.1,133,ask,EarnestEspressos,Chester Au,1096330
2026-07-01T06:06:14.963360,2026-06-30T20:06:16.146171+00:00,71.1,17,ask,EarnestEspressos,DiligentDonuts,1096336
2026-07-01T06:06:15.565618,2026-06-30T20:06:16.747161+00:00,70.8,40,bid,CostlyCorianders,DiligentDonuts,1096350
2026-07-01T06:06:15.864926,2026-06-30T20:06:17.052196+00:00,70.8,43,bid,FlawlessFlatbreads,DiligentDonuts,1096353
2026-07-01T06:06:17.723811,2026-06-30T20:06:18.910501+00:00,70.4,49,ask,EarnestEspressos,CostlyCorianders,1096379
2026-07-01T06:06:20.113370,2026-06-30T20:06:21.300666+00:00,70.9,48,bid,CostlyCorianders,EarnestEspressos,1096428
2026-07-01T06:06:21.148059,2026-06-30T20:06:22.326951+00:00,70.7,48,ask,DiligentDonuts,CostlyCorianders,1096449
2026-07-01T06:06:22.195409,2026-06-30T20:06:23.382301+00:00,70.9,50,bid,FlawlessFlatbreads,EarnestEspressos,1096463
2026-07-01T06:06:22.267181,2026-06-30T20:06:23.447907+00:00,70.9,41,bid,CostlyCorianders,EarnestEspressos,1096464
2026-07-01T06:06:22.320833,2026-06-30T20:06:23.502804+00:00,70.6,43,ask,DiligentDonuts,CostlyCorianders,1096466
2026-07-01T06:06:22.834361,2026-06-30T20:06:24.015309+00:00,70.6,42,ask,DiligentDonuts,CostlyCorianders,1096473
2026-07-01T06:06:24.356222,2026-06-30T20:06:25.536843+00:00,70.9,50,ask,EarnestEspressos,FlawlessFlatbreads,1096497
2026-07-01T06:06:24.467956,2026-06-30T20:06:25.646382+00:00,70.9,100,ask,EarnestEspressos,DiligentDonuts,1096499
2026-07-01T06:06:26.464278,2026-06-30T20:06:27.646187+00:00,70.4,50,ask,DiligentDonuts,FlawlessFlatbreads,1096520
2026-07-01T06:06:28.443984,2026-06-30T20:06:29.623726+00:00,70.7,47,bid,CostlyCorianders,EarnestEspressos,1096539
2026-07-01T06:06:28.570533,2026-06-30T20:06:29.753008+00:00,70.5,50,ask,DiligentDonuts,FlawlessFlatbreads,1096540
2026-07-01T06:06:30.437579,2026-06-30T20:06:31.623884+00:00,70.9,42,bid,CostlyCorianders,EarnestEspressos,1096570
2026-07-01T06:06:30.492021,2026-06-30T20:06:31.677914+00:00,70.5,46,ask,DiligentDonuts,CostlyCorianders,1096575
2026-07-01T06:06:30.677026,2026-06-30T20:06:31.864158+00:00,70.5,4,ask,DiligentDonuts,FlawlessFlatbreads,1096579
2026-07-01T06:06:30.677026,2026-06-30T20:06:31.864158+00:00,70.4,46,ask,EarnestEspressos,FlawlessFlatbreads,1096580
2026-07-01T06:06:31.586915,2026-06-30T20:06:32.770905+00:00,70.7,47,bid,CostlyCorianders,DiligentDonuts,1096597
2026-07-01T06:06:31.828447,2026-06-30T20:06:33.012530+00:00,70.7,53,bid,Chester Au,DiligentDonuts,1096602
2026-07-01T06:06:32.786071,2026-06-30T20:06:33.964410+00:00,70.5,10,ask,Zijun Feng,FlawlessFlatbreads,1096618
2026-07-01T06:06:32.786071,2026-06-30T20:06:33.975410+00:00,70.4,40,ask,EarnestEspressos,FlawlessFlatbreads,1096619
2026-07-01T06:06:34.779352,2026-06-30T20:06:35.956515+00:00,70.8,44,bid,CostlyCorianders,EarnestEspressos,1096651
2026-07-01T06:06:39.050024,2026-06-30T20:06:40.233187+00:00,71.0,50,bid,FlawlessFlatbreads,EarnestEspressos,1096697
2026-07-01T06:06:39.530441,2026-06-30T20:06:40.715754+00:00,70.5,47,ask,DiligentDonuts,CostlyCorianders,1096702
2026-07-01T06:06:41.210582,2026-06-30T20:06:42.387788+00:00,70.7,50,ask,EarnestEspressos,FlawlessFlatbreads,1096726
2026-07-01T06:06:42.136881,2026-06-30T20:06:43.322110+00:00,70.7,40,ask,EarnestEspressos,CostlyCorianders,1096739
2026-07-01T06:06:42.908171,2026-06-30T20:06:44.086014+00:00,70.7,147,bid,Chester Au,EarnestEspressos,1096744
2026-07-01T06:06:43.267733,2026-06-30T20:06:44.445703+00:00,70.7,3,bid,FlawlessFlatbreads,EarnestEspressos,1096747
2026-07-01T06:06:44.313741,2026-06-30T20:06:45.497833+00:00,70.9,41,bid,CostlyCorianders,DiligentDonuts,1096754
2026-07-01T06:06:45.375495,2026-06-30T20:06:46.557975+00:00,70.9,50,bid,FlawlessFlatbreads,DiligentDonuts,1096767
2026-07-01T06:06:45.908895,2026-06-30T20:06:47.095036+00:00,70.9,9,bid,EarnestEspressos,DiligentDonuts,1096772
2026-07-01T06:06:46.742606,2026-06-30T20:06:47.927039+00:00,70.9,49,ask,EarnestEspressos,CostlyCorianders,1096782
2026-07-01T06:06:47.483472,2026-06-30T20:06:48.661781+00:00,71.3,50,bid,FlawlessFlatbreads,DiligentDonuts,1096791
2026-07-01T06:06:49.590294,2026-06-30T20:06:50.776019+00:00,71.1,50,bid,FlawlessFlatbreads,EarnestEspressos,1096836
2026-07-01T06:06:50.303800,2026-06-30T20:06:51.484057+00:00,71.1,41,bid,CostlyCorianders,EarnestEspressos,1096856
2026-07-01T06:06:51.825830,2026-06-30T20:06:53.004982+00:00,70.8,47,ask,DiligentDonuts,CostlyCorianders,1096881
2026-07-01T06:06:53.003012,2026-06-30T20:06:54.184123+00:00,71.2,10,bid,CostlyCorianders,Zijun Feng,1096903
2026-07-01T06:06:53.003012,2026-06-30T20:06:54.184123+00:00,71.4,36,bid,CostlyCorianders,EarnestEspressos,1096904
2026-07-01T06:06:53.881001,2026-06-30T20:06:55.058470+00:00,70.9,50,ask,EarnestEspressos,FlawlessFlatbreads,1096921
2026-07-01T06:06:54.996974,2026-06-30T20:06:56.182092+00:00,70.9,45,ask,EarnestEspressos,CostlyCorianders,1096938
2026-07-01T06:06:55.937420,2026-06-30T20:06:57.121677+00:00,71.0,50,bid,FlawlessFlatbreads,EarnestEspressos,1096949
2026-07-01T06:06:56.504314,2026-06-30T20:06:57.690348+00:00,71.0,45,bid,CostlyCorianders,EarnestEspressos,1096957
2026-07-01T06:06:58.095478,2026-06-30T20:06:59.280546+00:00,70.7,50,ask,DiligentDonuts,FlawlessFlatbreads,1096980
2026-07-01T06:06:58.564401,2026-06-30T20:06:59.750715+00:00,71.2,100,bid,EarnestEspressos,DiligentDonuts,1096992
2026-07-01T06:06:58.628175,2026-06-30T20:06:59.805796+00:00,71.2,50,ask,EarnestEspressos,Chester Au,1096994
2026-07-01T06:07:01.025513,2026-06-30T20:07:02.214513+00:00,70.9,44,ask,DiligentDonuts,CostlyCorianders,1097033
2026-07-01T06:07:01.970529,2026-06-30T20:07:03.154489+00:00,70.9,40,ask,DiligentDonuts,CostlyCorianders,1097051
2026-07-01T06:07:02.009541,2026-06-30T20:07:03.187488+00:00,70.9,16,ask,DiligentDonuts,Chester Au,1097053
2026-07-01T06:07:03.577165,2026-06-30T20:07:04.765225+00:00,70.8,40,bid,CostlyCorianders,DiligentDonuts,1097074
2026-07-01T06:07:04.369091,2026-06-30T20:07:05.553716+00:00,70.8,50,bid,FlawlessFlatbreads,DiligentDonuts,1097089
2026-07-01T06:07:05.673697,2026-06-30T20:07:06.853037+00:00,70.9,43,bid,CostlyCorianders,EarnestEspressos,1097112
2026-07-01T06:07:06.476078,2026-06-30T20:07:07.658419+00:00,70.9,50,bid,FlawlessFlatbreads,EarnestEspressos,1097125
2026-07-01T06:07:08.634106,2026-06-30T20:07:09.815375+00:00,70.7,50,ask,DiligentDonuts,FlawlessFlatbreads,1097155
2026-07-01T06:07:09.911184,2026-06-30T20:07:11.090020+00:00,70.7,42,ask,EarnestEspressos,CostlyCorianders,1097174
2026-07-01T06:07:10.746421,2026-06-30T20:07:11.933122+00:00,70.7,50,ask,EarnestEspressos,FlawlessFlatbreads,1097185
2026-07-01T06:07:10.943221,2026-06-30T20:07:12.120152+00:00,70.7,40,ask,EarnestEspressos,CostlyCorianders,1097197
2026-07-01T06:07:12.856945,2026-06-30T20:07:14.035563+00:00,70.4,10,ask,Zijun Feng,FlawlessFlatbreads,1097221
2026-07-01T06:07:12.856945,2026-06-30T20:07:14.035563+00:00,70.3,40,ask,DiligentDonuts,FlawlessFlatbreads,1097222
2026-07-01T06:07:14.913740,2026-06-30T20:07:16.092183+00:00,70.4,50,bid,FlawlessFlatbreads,EarnestEspressos,1097262
2026-07-01T06:07:19.196353,2026-06-30T20:07:20.377325+00:00,70.0,50,ask,EarnestEspressos,FlawlessFlatbreads,1097330
2026-07-01T06:07:21.301113,2026-06-30T20:07:22.481440+00:00,70.0,50,ask,DiligentDonuts,FlawlessFlatbreads,1097364
2026-07-01T06:07:21.526077,2026-06-30T20:07:22.709477+00:00,70.3,43,bid,CostlyCorianders,EarnestEspressos,1097367
2026-07-01T06:07:23.409911,2026-06-30T20:07:24.594247+00:00,70.0,10,ask,Zijun Feng,FlawlessFlatbreads,1097405
2026-07-01T06:07:23.409911,2026-06-30T20:07:24.594247+00:00,69.9,40,ask,DiligentDonuts,FlawlessFlatbreads,1097406
2026-07-01T06:07:24.047378,2026-06-30T20:07:25.229783+00:00,70.0,43,ask,EarnestEspressos,CostlyCorianders,1097415
2026-07-01T06:07:24.298106,2026-06-30T20:07:25.481812+00:00,70.4,66,bid,Chester Au,DiligentDonuts,1097420
2026-07-01T06:07:25.520883,2026-06-30T20:07:26.701643+00:00,70.2,50,ask,DiligentDonuts,FlawlessFlatbreads,1097443
2026-07-01T06:07:27.628304,2026-06-30T20:07:28.809419+00:00,70.2,50,ask,DiligentDonuts,FlawlessFlatbreads,1097483
2026-07-01T06:07:27.766710,2026-06-30T20:07:28.950672+00:00,70.2,10,ask,Zijun Feng,DiligentDonuts,1097487
2026-07-01T06:07:28.154179,2026-06-30T20:07:29.334357+00:00,70.1,42,bid,CostlyCorianders,DiligentDonuts,1097490
2026-07-01T06:07:29.738218,2026-06-30T20:07:30.923503+00:00,69.9,10,ask,Zijun Feng,FlawlessFlatbreads,1097519
2026-07-01T06:07:29.738218,2026-06-30T20:07:30.923503+00:00,69.8,40,ask,EarnestEspressos,FlawlessFlatbreads,1097520
2026-07-01T06:07:33.299381,2026-06-30T20:07:34.484424+00:00,70.3,41,bid,CostlyCorianders,EarnestEspressos,1097569
2026-07-01T06:07:33.795345,2026-06-30T20:07:34.978130+00:00,70.4,40,bid,CostlyCorianders,DiligentDonuts,1097571
2026-07-01T06:07:34.919157,2026-06-30T20:07:36.103703+00:00,70.1,46,ask,EarnestEspressos,CostlyCorianders,1097584
2026-07-01T06:07:37.324881,2026-06-30T20:07:38.509545+00:00,70.5,42,bid,CostlyCorianders,EarnestEspressos,1097639
2026-07-01T06:07:37.381399,2026-06-30T20:07:38.564543+00:00,70.2,46,ask,DiligentDonuts,CostlyCorianders,1097641
2026-07-01T06:07:38.109001,2026-06-30T20:07:39.296223+00:00,70.5,50,bid,FlawlessFlatbreads,EarnestEspressos,1097653
2026-07-01T06:07:38.356019,2026-06-30T20:07:39.536565+00:00,70.2,40,ask,DiligentDonuts,CostlyCorianders,1097657
2026-07-01T06:07:38.910300,2026-06-30T20:07:40.093142+00:00,70.5,45,bid,CostlyCorianders,EarnestEspressos,1097666
2026-07-01T06:07:39.422439,2026-06-30T20:07:40.605388+00:00,70.5,13,bid,CostlyCorianders,EarnestEspressos,1097670
2026-07-01T06:07:40.216584,2026-06-30T20:07:41.394793+00:00,70.7,50,bid,FlawlessFlatbreads,DiligentDonuts,1097680
2026-07-01T06:07:40.429937,2026-06-30T20:07:41.623333+00:00,70.4,100,ask,EarnestEspressos,DiligentDonuts,1097687
2026-07-01T06:07:42.323740,2026-06-30T20:07:43.504992+00:00,70.8,10,bid,FlawlessFlatbreads,Zijun Feng,1097722
2026-07-01T06:07:42.323740,2026-06-30T20:07:43.504992+00:00,70.9,40,bid,FlawlessFlatbreads,EarnestEspressos,1097723
2026-07-01T06:07:42.568973,2026-06-30T20:07:43.754731+00:00,70.4,45,ask,EarnestEspressos,CostlyCorianders,1097730
2026-07-01T06:07:43.171698,2026-06-30T20:07:44.358670+00:00,70.5,41,bid,CostlyCorianders,EarnestEspressos,1097735
2026-07-01T06:07:44.432684,2026-06-30T20:07:45.613889+00:00,70.5,50,bid,FlawlessFlatbreads,EarnestEspressos,1097763
2026-07-01T06:07:44.667434,2026-06-30T20:07:45.852928+00:00,70.3,43,ask,DiligentDonuts,CostlyCorianders,1097765
2026-07-01T06:07:45.173416,2026-06-30T20:07:46.359184+00:00,70.3,41,ask,DiligentDonuts,CostlyCorianders,1097774
2026-07-01T06:07:46.539935,2026-06-30T20:07:47.720886+00:00,70.8,50,bid,FlawlessFlatbreads,DiligentDonuts,1097789
2026-07-01T06:07:47.349826,2026-06-30T20:07:48.537093+00:00,70.6,46,bid,CostlyCorianders,DiligentDonuts,1097801
2026-07-01T06:07:48.372693,2026-06-30T20:07:49.552177+00:00,70.6,48,bid,CostlyCorianders,DiligentDonuts,1097819
2026-07-01T06:07:49.287917,2026-06-30T20:07:50.480603+00:00,70.4,47,ask,EarnestEspressos,CostlyCorianders,1097826
2026-07-01T06:07:52.859701,2026-06-30T20:07:54.037463+00:00,70.4,50,bid,FlawlessFlatbreads,EarnestEspressos,1097873
2026-07-01T06:07:53.049083,2026-06-30T20:07:54.233432+00:00,70.2,48,ask,DiligentDonuts,CostlyCorianders,1097874
2026-07-01T06:07:54.967103,2026-06-30T20:07:56.151052+00:00,70.4,50,bid,FlawlessFlatbreads,EarnestEspressos,1097902
2026-07-01T06:07:57.075981,2026-06-30T20:07:58.258530+00:00,70.8,50,bid,FlawlessFlatbreads,DiligentDonuts,1097936
2026-07-01T06:07:59.185023,2026-06-30T20:08:00.368159+00:00,70.8,50,bid,FlawlessFlatbreads,DiligentDonuts,1097971
2026-07-01T06:08:01.294300,2026-06-30T20:08:02.472805+00:00,71.0,50,bid,FlawlessFlatbreads,EarnestEspressos,1098023
2026-07-01T06:08:01.839636,2026-06-30T20:08:03.019714+00:00,70.9,150,ask,EarnestEspressos,Chester Au,1098032
2026-07-01T06:08:03.401580,2026-06-30T20:08:04.581574+00:00,71.0,10,bid,FlawlessFlatbreads,Zijun Feng,1098045
2026-07-01T06:08:03.401580,2026-06-30T20:08:04.581574+00:00,71.1,40,bid,FlawlessFlatbreads,DiligentDonuts,1098046
2026-07-01T06:08:04.247376,2026-06-30T20:08:05.429804+00:00,70.6,49,ask,DiligentDonuts,CostlyCorianders,1098057
2026-07-01T06:08:04.998633,2026-06-30T20:08:06.183046+00:00,70.6,50,ask,DiligentDonuts,Chester Au,1098071
2026-07-01T06:08:05.046458,2026-06-30T20:08:06.226428+00:00,70.6,1,ask,DiligentDonuts,EarnestEspressos,1098077
2026-07-01T06:08:05.524434,2026-06-30T20:08:06.709463+00:00,70.6,50,bid,FlawlessFlatbreads,EarnestEspressos,1098084
2026-07-01T06:08:06.435754,2026-06-30T20:08:07.614654+00:00,70.6,49,bid,CostlyCorianders,EarnestEspressos,1098096
2026-07-01T06:08:07.681836,2026-06-30T20:08:08.861806+00:00,70.3,50,ask,DiligentDonuts,FlawlessFlatbreads,1098106
2026-07-01T06:08:09.788302,2026-06-30T20:08:10.974492+00:00,70.5,50,ask,EarnestEspressos,FlawlessFlatbreads,1098138
2026-07-01T06:08:11.898920,2026-06-30T20:08:13.086747+00:00,70.3,50,ask,EarnestEspressos,FlawlessFlatbreads,1098183
2026-07-01T06:08:13.184773,2026-06-30T20:08:14.368906+00:00,70.7,47,bid,CostlyCorianders,DiligentDonuts,1098201
2026-07-01T06:08:13.672973,2026-06-30T20:08:14.850476+00:00,70.3,43,ask,EarnestEspressos,CostlyCorianders,1098209
2026-07-01T06:08:14.005234,2026-06-30T20:08:15.189006+00:00,70.3,50,ask,EarnestEspressos,FlawlessFlatbreads,1098222
2026-07-01T06:08:14.567365,2026-06-30T20:08:15.748075+00:00,70.2,100,ask,DiligentDonuts,EarnestEspressos,1098229
2026-07-01T06:08:14.579719,2026-06-30T20:08:15.759076+00:00,70.2,50,bid,Chester Au,EarnestEspressos,1098230
2026-07-01T06:08:16.113232,2026-06-30T20:08:17.298276+00:00,70.0,50,ask,DiligentDonuts,FlawlessFlatbreads,1098261
2026-07-01T06:08:17.677039,2026-06-30T20:08:18.862822+00:00,70.5,100,bid,EarnestEspressos,DiligentDonuts,1098287
2026-07-01T06:08:18.220671,2026-06-30T20:08:19.403046+00:00,70.5,50,ask,EarnestEspressos,FlawlessFlatbreads,1098297
2026-07-01T06:08:20.276882,2026-06-30T20:08:21.462423+00:00,70.7,50,bid,FlawlessFlatbreads,DiligentDonuts,1098326
2026-07-01T06:08:20.888117,2026-06-30T20:08:22.075299+00:00,70.2,100,ask,DiligentDonuts,EarnestEspressos,1098342
2026-07-01T06:08:20.897158,2026-06-30T20:08:22.075299+00:00,70.0,50,bid,Chester Au,EarnestEspressos,1098343
2026-07-01T06:08:22.383100,2026-06-30T20:08:23.566058+00:00,70.7,50,bid,FlawlessFlatbreads,DiligentDonuts,1098380
2026-07-01T06:08:24.491699,2026-06-30T20:08:25.675243+00:00,70.7,50,bid,FlawlessFlatbreads,DiligentDonuts,1098403
2026-07-01T06:08:26.229550,2026-06-30T20:08:27.416538+00:00,71.0,10,bid,CostlyCorianders,Zijun Feng,1098429
2026-07-01T06:08:26.229550,2026-06-30T20:08:27.416538+00:00,71.1,31,bid,CostlyCorianders,EarnestEspressos,1098430
2026-07-01T06:08:26.761428,2026-06-30T20:08:27.943592+00:00,70.6,47,ask,EarnestEspressos,CostlyCorianders,1098440
2026-07-01T06:08:28.751732,2026-06-30T20:08:29.933932+00:00,70.4,50,ask,DiligentDonuts,FlawlessFlatbreads,1098468
2026-07-01T06:08:30.630384,2026-06-30T20:08:31.814473+00:00,70.9,44,bid,CostlyCorianders,DiligentDonuts,1098497
2026-07-01T06:08:30.858499,2026-06-30T20:08:32.041439+00:00,70.5,50,ask,EarnestEspressos,FlawlessFlatbreads,1098505
2026-07-01T06:08:32.282514,2026-06-30T20:08:33.461978+00:00,70.5,43,ask,EarnestEspressos,CostlyCorianders,1098530
2026-07-01T06:08:33.560476,2026-06-30T20:08:34.741439+00:00,70.5,100,ask,DiligentDonuts,EarnestEspressos,1098545
2026-07-01T06:08:33.867141,2026-06-30T20:08:35.048484+00:00,70.4,50,bid,Chester Au,EarnestEspressos,1098549
2026-07-01T06:08:35.066390,2026-06-30T20:08:36.250634+00:00,70.3,50,ask,DiligentDonuts,FlawlessFlatbreads,1098566
2026-07-01T06:08:37.122150,2026-06-30T20:08:38.299790+00:00,70.8,50,bid,FlawlessFlatbreads,DiligentDonuts,1098600
2026-07-01T06:08:39.244023,2026-06-30T20:08:40.431157+00:00,70.6,50,bid,FlawlessFlatbreads,DiligentDonuts,1098640
2026-07-01T06:08:40.447150,2026-06-30T20:08:41.633989+00:00,70.5,150,ask,EarnestEspressos,Chester Au,1098655
2026-07-01T06:08:41.350487,2026-06-30T20:08:42.529793+00:00,70.5,50,bid,FlawlessFlatbreads,DiligentDonuts,1098673
2026-07-01T06:08:43.509640,2026-06-30T20:08:44.696055+00:00,70.0,50,ask,DiligentDonuts,FlawlessFlatbreads,1098700
2026-07-01T06:08:47.140967,2026-06-30T20:08:48.328188+00:00,70.3,44,bid,CostlyCorianders,EarnestEspressos,1098762
2026-07-01T06:08:47.636482,2026-06-30T20:08:48.820249+00:00,70.3,43,bid,CostlyCorianders,EarnestEspressos,1098767
2026-07-01T06:08:47.671618,2026-06-30T20:08:48.853250+00:00,70.3,50,bid,FlawlessFlatbreads,EarnestEspressos,1098769
2026-07-01T06:08:48.285494,2026-06-30T20:08:49.474863+00:00,70.1,43,ask,DiligentDonuts,CostlyCorianders,1098782
2026-07-01T06:08:49.700236,2026-06-30T20:08:50.883213+00:00,70.6,43,bid,CostlyCorianders,DiligentDonuts,1098793
2026-07-01T06:08:49.778355,2026-06-30T20:08:50.959254+00:00,70.6,50,bid,FlawlessFlatbreads,DiligentDonuts,1098797
2026-07-01T06:08:51.936409,2026-06-30T20:08:53.117253+00:00,70.4,50,ask,EarnestEspressos,FlawlessFlatbreads,1098832
2026-07-01T06:08:54.044106,2026-06-30T20:08:55.225087+00:00,70.2,50,ask,DiligentDonuts,FlawlessFlatbreads,1098865
2026-07-01T06:08:54.858139,2026-06-30T20:08:56.042092+00:00,70.2,43,ask,DiligentDonuts,CostlyCorianders,1098877
2026-07-01T06:08:56.151332,2026-06-30T20:08:57.336515+00:00,70.2,7,ask,DiligentDonuts,FlawlessFlatbreads,1098899
2026-07-01T06:08:56.151332,2026-06-30T20:08:57.336515+00:00,70.1,43,ask,EarnestEspressos,FlawlessFlatbreads,1098900
2026-07-01T06:08:56.857713,2026-06-30T20:08:58.044345+00:00,70.1,43,ask,EarnestEspressos,CostlyCorianders,1098912
2026-07-01T06:08:58.259175,2026-06-30T20:08:59.444991+00:00,70.1,50,ask,EarnestEspressos,FlawlessFlatbreads,1098939
2026-07-01T06:08:58.459389,2026-06-30T20:08:59.641156+00:00,70.4,46,bid,CostlyCorianders,DiligentDonuts,1098946
2026-07-01T06:08:58.898829,2026-06-30T20:09:00.076217+00:00,69.9,100,ask,DiligentDonuts,EarnestEspressos,1098949
2026-07-01T06:08:58.903037,2026-06-30T20:09:00.087217+00:00,69.9,50,bid,Chester Au,EarnestEspressos,1098950
2026-07-01T06:08:59.073190,2026-06-30T20:09:00.251625+00:00,70.4,43,bid,CostlyCorianders,DiligentDonuts,1098955
2026-07-01T06:09:00.366708,2026-06-30T20:09:01.550737+00:00,69.7,50,ask,DiligentDonuts,FlawlessFlatbreads,1098974
2026-07-01T06:09:02.473210,2026-06-30T20:09:03.652053+00:00,70.1,50,ask,EarnestEspressos,FlawlessFlatbreads,1099009
2026-07-01T06:09:02.703437,2026-06-30T20:09:03.893086+00:00,70.1,100,ask,EarnestEspressos,DiligentDonuts,1099015
2026-07-01T06:09:03.202873,2026-06-30T20:09:04.386139+00:00,69.4,41,ask,DiligentDonuts,CostlyCorianders,1099025
2026-07-01T06:09:04.580505,2026-06-30T20:09:05.757309+00:00,69.4,50,ask,DiligentDonuts,FlawlessFlatbreads,1099045
2026-07-01T06:09:05.229641,2026-06-30T20:09:06.412101+00:00,69.8,150,bid,Chester Au,EarnestEspressos,1099054
2026-07-01T06:09:06.636268,2026-06-30T20:09:07.821594+00:00,70.0,50,bid,FlawlessFlatbreads,DiligentDonuts,1099080
2026-07-01T06:09:08.239715,2026-06-30T20:09:09.421769+00:00,70.0,42,bid,CostlyCorianders,DiligentDonuts,1099107
2026-07-01T06:09:08.742513,2026-06-30T20:09:09.925343+00:00,70.0,8,bid,FlawlessFlatbreads,DiligentDonuts,1099115
2026-07-01T06:09:08.742513,2026-06-30T20:09:09.925343+00:00,70.4,42,bid,FlawlessFlatbreads,EarnestEspressos,1099116
2026-07-01T06:09:10.803245,2026-06-30T20:09:11.986341+00:00,69.9,45,ask,EarnestEspressos,CostlyCorianders,1099145
2026-07-01T06:09:10.901739,2026-06-30T20:09:12.084096+00:00,69.9,50,ask,EarnestEspressos,FlawlessFlatbreads,1099148
2026-07-01T06:09:12.957829,2026-06-30T20:09:14.145271+00:00,70.3,50,bid,FlawlessFlatbreads,EarnestEspressos,1099183
2026-07-01T06:09:13.955922,2026-06-30T20:09:15.133935+00:00,69.8,48,ask,EarnestEspressos,CostlyCorianders,1099197
2026-07-01T06:09:15.067682,2026-06-30T20:09:16.250005+00:00,70.2,50,bid,FlawlessFlatbreads,EarnestEspressos,1099216
2026-07-01T06:09:17.176429,2026-06-30T20:09:18.355383+00:00,70.2,50,bid,FlawlessFlatbreads,EarnestEspressos,1099243
2026-07-01T06:09:17.837609,2026-06-30T20:09:19.023687+00:00,70.3,100,bid,EarnestEspressos,DiligentDonuts,1099250
2026-07-01T06:09:18.814735,2026-06-30T20:09:19.996599+00:00,70.3,49,ask,EarnestEspressos,CostlyCorianders,1099265
2026-07-01T06:09:20.331111,2026-06-30T20:09:21.518783+00:00,70.8,41,bid,CostlyCorianders,EarnestEspressos,1099285
2026-07-01T06:09:20.844468,2026-06-30T20:09:22.031770+00:00,70.8,48,bid,CostlyCorianders,EarnestEspressos,1099297
2026-07-01T06:09:21.326580,2026-06-30T20:09:22.513397+00:00,70.5,42,bid,CostlyCorianders,EarnestEspressos,1099301
2026-07-01T06:09:21.462474,2026-06-30T20:09:22.645415+00:00,70.3,50,ask,DiligentDonuts,FlawlessFlatbreads,1099303
2026-07-01T06:09:21.848966,2026-06-30T20:09:23.027462+00:00,70.1,43,ask,DiligentDonuts,CostlyCorianders,1099310
2026-07-01T06:09:23.443234,2026-06-30T20:09:24.629275+00:00,70.5,45,bid,CostlyCorianders,EarnestEspressos,1099327
2026-07-01T06:09:24.584605,2026-06-30T20:09:25.764807+00:00,70.4,47,ask,EarnestEspressos,CostlyCorianders,1099346
2026-07-01T06:09:25.061514,2026-06-30T20:09:26.245291+00:00,70.5,40,bid,CostlyCorianders,DiligentDonuts,1099353
2026-07-01T06:09:25.621634,2026-06-30T20:09:26.802944+00:00,70.5,50,bid,FlawlessFlatbreads,DiligentDonuts,1099358
2026-07-01T06:09:27.748977,2026-06-30T20:09:28.928020+00:00,70.5,10,bid,FlawlessFlatbreads,DiligentDonuts,1099387
2026-07-01T06:09:27.748977,2026-06-30T20:09:28.928020+00:00,70.7,40,bid,FlawlessFlatbreads,EarnestEspressos,1099388
2026-07-01T06:09:29.856899,2026-06-30T20:09:31.037148+00:00,70.7,50,bid,FlawlessFlatbreads,EarnestEspressos,1099409
2026-07-01T06:09:30.511165,2026-06-30T20:09:31.690422+00:00,70.4,150,ask,EarnestEspressos,Chester Au,1099423
2026-07-01T06:09:31.964557,2026-06-30T20:09:33.150194+00:00,70.6,50,bid,FlawlessFlatbreads,DiligentDonuts,1099441
2026-07-01T06:09:34.051523,2026-06-30T20:09:35.237514+00:00,70.1,45,ask,DiligentDonuts,CostlyCorianders,1099477
2026-07-01T06:09:36.225788,2026-06-30T20:09:37.411762+00:00,70.4,50,ask,DiligentDonuts,Chester Au,1099507
2026-07-01T06:09:36.768341,2026-06-30T20:09:37.956627+00:00,70.4,50,ask,DiligentDonuts,FlawlessFlatbreads,1099516
2026-07-01T06:09:37.733860,2026-06-30T20:09:38.919605+00:00,69.9,44,ask,DiligentDonuts,CostlyCorianders,1099538
2026-07-01T06:09:38.232523,2026-06-30T20:09:39.413733+00:00,70.3,42,bid,CostlyCorianders,EarnestEspressos,1099540
2026-07-01T06:09:38.282517,2026-06-30T20:09:39.468020+00:00,70.3,50,bid,FlawlessFlatbreads,EarnestEspressos,1099541
2026-07-01T06:09:38.714271,2026-06-30T20:09:39.895566+00:00,70.3,40,bid,CostlyCorianders,EarnestEspressos,1099546
2026-07-01T06:09:40.391694,2026-06-30T20:09:41.570107+00:00,70.4,50,bid,FlawlessFlatbreads,DiligentDonuts,1099571
2026-07-01T06:09:42.514993,2026-06-30T20:09:43.693561+00:00,70.2,50,bid,FlawlessFlatbreads,DiligentDonuts,1099598
2026-07-01T06:09:43.165880,2026-06-30T20:09:44.350112+00:00,70.2,50,bid,EarnestEspressos,DiligentDonuts,1099608
2026-07-01T06:09:43.860974,2026-06-30T20:09:45.041200+00:00,70.2,42,ask,EarnestEspressos,CostlyCorianders,1099618
2026-07-01T06:09:44.621681,2026-06-30T20:09:45.806301+00:00,70.4,50,bid,FlawlessFlatbreads,DiligentDonuts,1099635
2026-07-01T06:09:46.726886,2026-06-30T20:09:47.907100+00:00,70.4,50,bid,FlawlessFlatbreads,DiligentDonuts,1099665
2026-07-01T06:09:46.937590,2026-06-30T20:09:48.124236+00:00,70.4,100,bid,DiligentDonuts,EarnestEspressos,1099667
2026-07-01T06:09:47.197468,2026-06-30T20:09:48.376133+00:00,69.9,43,ask,EarnestEspressos,CostlyCorianders,1099672
2026-07-01T06:09:48.769206,2026-06-30T20:09:49.951536+00:00,70.4,46,bid,CostlyCorianders,EarnestEspressos,1099693
2026-07-01T06:09:48.833785,2026-06-30T20:09:50.016435+00:00,70.4,4,bid,FlawlessFlatbreads,EarnestEspressos,1099694
2026-07-01T06:09:48.833785,2026-06-30T20:09:50.016435+00:00,70.9,46,bid,FlawlessFlatbreads,DiligentDonuts,1099695
2026-07-01T06:09:50.940938,2026-06-30T20:09:52.123083+00:00,70.7,10,bid,FlawlessFlatbreads,Zijun Feng,1099732
2026-07-01T06:09:50.940938,2026-06-30T20:09:52.123083+00:00,70.8,40,bid,FlawlessFlatbreads,EarnestEspressos,1099733
2026-07-01T06:09:53.050037,2026-06-30T20:09:54.235476+00:00,70.7,10,bid,FlawlessFlatbreads,Zijun Feng,1099757
2026-07-01T06:09:53.050037,2026-06-30T20:09:54.235476+00:00,70.8,40,bid,FlawlessFlatbreads,DiligentDonuts,1099758
2026-07-01T06:09:54.078063,2026-06-30T20:09:55.260938+00:00,70.4,47,ask,EarnestEspressos,CostlyCorianders,1099776
2026-07-01T06:09:54.647551,2026-06-30T20:09:55.826662+00:00,70.4,49,ask,EarnestEspressos,CostlyCorianders,1099785
2026-07-01T06:09:55.158130,2026-06-30T20:09:56.348034+00:00,70.7,10,bid,FlawlessFlatbreads,Zijun Feng,1099789
2026-07-01T06:09:55.158130,2026-06-30T20:09:56.348034+00:00,70.8,40,bid,FlawlessFlatbreads,DiligentDonuts,1099790
2026-07-01T06:09:57.067114,2026-06-30T20:09:58.290350+00:00,70.5,47,bid,CostlyCorianders,EarnestEspressos,1099823
2026-07-01T06:09:58.821845,2026-06-30T20:10:00.031928+00:00,70.5,44,bid,CostlyCorianders,EarnestEspressos,1099855
2026-07-01T06:09:58.977619,2026-06-30T20:10:00.184954+00:00,70.5,10,bid,EarnestEspressos,Zijun Feng,1099858
2026-07-01T06:09:59.419583,2026-06-30T20:10:00.621197+00:00,70.6,50,ask,EarnestEspressos,FlawlessFlatbreads,1099867
2026-07-01T06:10:00.240394,2026-06-30T20:10:01.451275+00:00,70.6,49,ask,EarnestEspressos,CostlyCorianders,1099881
2026-07-01T06:10:00.702744,2026-06-30T20:10:01.910888+00:00,70.9,45,bid,CostlyCorianders,DiligentDonuts,1099889
2026-07-01T06:10:01.530496,2026-06-30T20:10:02.731646+00:00,70.6,41,ask,EarnestEspressos,FlawlessFlatbreads,1099896
2026-07-01T06:10:01.530496,2026-06-30T20:10:02.731646+00:00,70.4,9,ask,DiligentDonuts,FlawlessFlatbreads,1099897
2026-07-01T06:10:02.194250,2026-06-30T20:10:03.395965+00:00,70.4,91,ask,DiligentDonuts,EarnestEspressos,1099916
2026-07-01T06:10:02.359095,2026-06-30T20:10:03.569733+00:00,70.3,45,bid,CostlyCorianders,EarnestEspressos,1099917
2026-07-01T06:10:02.782771,2026-06-30T20:10:03.985032+00:00,70.3,14,bid,DiligentDonuts,EarnestEspressos,1099923
2026-07-01T06:10:03.592230,2026-06-30T20:10:04.798163+00:00,70.7,10,bid,FlawlessFlatbreads,Zijun Feng,1099934
2026-07-01T06:10:03.592230,2026-06-30T20:10:04.798163+00:00,70.8,40,bid,FlawlessFlatbreads,DiligentDonuts,1099935
2026-07-01T06:10:05.763444,2026-06-30T20:10:06.966200+00:00,70.5,50,ask,EarnestEspressos,FlawlessFlatbreads,1099970
2026-07-01T06:10:07.818498,2026-06-30T20:10:09.011029+00:00,70.8,10,bid,FlawlessFlatbreads,Zijun Feng,1100002
2026-07-01T06:10:07.818498,2026-06-30T20:10:09.011029+00:00,70.9,40,bid,FlawlessFlatbreads,DiligentDonuts,1100003
2026-07-01T06:10:09.976898,2026-06-30T20:10:11.163306+00:00,70.4,50,ask,DiligentDonuts,FlawlessFlatbreads,1100038
2026-07-01T06:10:12.033079,2026-06-30T20:10:13.211335+00:00,70.7,10,bid,FlawlessFlatbreads,Zijun Feng,1100061
2026-07-01T06:10:12.033079,2026-06-30T20:10:13.211335+00:00,70.8,40,bid,FlawlessFlatbreads,EarnestEspressos,1100062
2026-07-01T06:10:14.189808,2026-06-30T20:10:15.376238+00:00,70.3,50,ask,EarnestEspressos,FlawlessFlatbreads,1100094
2026-07-01T06:10:16.914006,2026-06-30T20:10:18.092326+00:00,70.4,44,ask,DiligentDonuts,CostlyCorianders,1100130
2026-07-01T06:10:17.467394,2026-06-30T20:10:18.651065+00:00,70.7,41,bid,CostlyCorianders,EarnestEspressos,1100137
2026-07-01T06:10:17.967565,2026-06-30T20:10:19.155603+00:00,70.4,44,ask,DiligentDonuts,CostlyCorianders,1100143
2026-07-01T06:10:18.404144,2026-06-30T20:10:19.581789+00:00,70.4,12,ask,DiligentDonuts,FlawlessFlatbreads,1100148
2026-07-01T06:10:18.404144,2026-06-30T20:10:19.592790+00:00,70.4,38,ask,EarnestEspressos,FlawlessFlatbreads,1100149
2026-07-01T06:10:20.463014,2026-06-30T20:10:21.649776+00:00,70.6,50,bid,FlawlessFlatbreads,DiligentDonuts,1100179
2026-07-01T06:10:21.531314,2026-06-30T20:10:22.712438+00:00,70.6,40,bid,CostlyCorianders,DiligentDonuts,1100207
2026-07-01T06:10:22.621000,2026-06-30T20:10:23.799656+00:00,70.4,50,ask,DiligentDonuts,FlawlessFlatbreads,1100224
2026-07-01T06:10:24.732727,2026-06-30T20:10:25.912414+00:00,70.4,50,ask,DiligentDonuts,FlawlessFlatbreads,1100247
2026-07-01T06:10:26.839611,2026-06-30T20:10:28.026572+00:00,70.3,50,ask,EarnestEspressos,FlawlessFlatbreads,1100271
2026-07-01T06:10:28.968071,2026-06-30T20:10:30.149394+00:00,70.2,10,ask,Zijun Feng,FlawlessFlatbreads,1100292
2026-07-01T06:10:28.968071,2026-06-30T20:10:30.149394+00:00,70.1,40,ask,EarnestEspressos,FlawlessFlatbreads,1100293
2026-07-01T06:10:30.550636,2026-06-30T20:10:31.741499+00:00,70.1,44,ask,EarnestEspressos,CostlyCorianders,1100320
2026-07-01T06:10:31.078020,2026-06-30T20:10:32.266094+00:00,70.1,50,ask,DiligentDonuts,FlawlessFlatbreads,1100329
2026-07-01T06:10:32.376082,2026-06-30T20:10:33.561647+00:00,70.2,43,bid,CostlyCorianders,EarnestEspressos,1100345
2026-07-01T06:10:35.289126,2026-06-30T20:10:36.468804+00:00,69.8,10,ask,Zijun Feng,FlawlessFlatbreads,1100399
2026-07-01T06:10:35.289126,2026-06-30T20:10:36.468804+00:00,69.7,40,ask,EarnestEspressos,FlawlessFlatbreads,1100400
2026-07-01T06:10:37.397967,2026-06-30T20:10:38.584953+00:00,69.7,50,ask,DiligentDonuts,FlawlessFlatbreads,1100431
2026-07-01T06:10:38.300835,2026-06-30T20:10:39.482684+00:00,69.9,45,bid,CostlyCorianders,DiligentDonuts,1100444
2026-07-01T06:10:39.456084,2026-06-30T20:10:40.641141+00:00,69.9,50,bid,FlawlessFlatbreads,DiligentDonuts,1100460
2026-07-01T06:10:41.562620,2026-06-30T20:10:42.750518+00:00,69.9,50,bid,FlawlessFlatbreads,EarnestEspressos,1100492
2026-07-01T06:10:43.501212,2026-06-30T20:10:44.682902+00:00,69.6,47,ask,DiligentDonuts,CostlyCorianders,1100523
2026-07-01T06:10:43.673401,2026-06-30T20:10:44.852055+00:00,69.9,50,bid,FlawlessFlatbreads,EarnestEspressos,1100524
2026-07-01T06:10:47.145472,2026-06-30T20:10:48.325421+00:00,69.6,44,ask,EarnestEspressos,CostlyCorianders,1100575
2026-07-01T06:10:47.936607,2026-06-30T20:10:49.124611+00:00,69.6,50,ask,EarnestEspressos,FlawlessFlatbreads,1100592
2026-07-01T06:10:50.044452,2026-06-30T20:10:51.222087+00:00,69.4,50,ask,DiligentDonuts,FlawlessFlatbreads,1100630
2026-07-01T06:10:52.153238,2026-06-30T20:10:53.344111+00:00,69.2,50,ask,DiligentDonuts,FlawlessFlatbreads,1100654
2026-07-01T06:10:53.256987,2026-06-30T20:10:54.436700+00:00,69.7,42,bid,CostlyCorianders,DiligentDonuts,1100672
2026-07-01T06:10:54.210149,2026-06-30T20:10:55.387621+00:00,69.7,50,bid,FlawlessFlatbreads,EarnestEspressos,1100683
2026-07-01T06:10:54.376477,2026-06-30T20:10:55.562531+00:00,69.3,10,ask,Zijun Feng,CostlyCorianders,1100684
2026-07-01T06:10:54.376477,2026-06-30T20:10:55.562531+00:00,69.2,33,ask,EarnestEspressos,CostlyCorianders,1100685
2026-07-01T06:10:56.317972,2026-06-30T20:10:57.495243+00:00,69.7,50,bid,FlawlessFlatbreads,DiligentDonuts,1100713
2026-07-01T06:10:57.657080,2026-06-30T20:10:58.842385+00:00,70.0,46,bid,CostlyCorianders,EarnestEspressos,1100732
2026-07-01T06:10:58.424783,2026-06-30T20:10:59.610507+00:00,70.0,50,bid,FlawlessFlatbreads,EarnestEspressos,1100742
2026-07-01T06:11:02.296666,2026-06-30T20:11:03.480333+00:00,69.9,100,bid,EarnestEspressos,DiligentDonuts,1100801
2026-07-01T06:11:02.690275,2026-06-30T20:11:03.873405+00:00,69.9,50,ask,EarnestEspressos,FlawlessFlatbreads,1100813
2026-07-01T06:11:04.795895,2026-06-30T20:11:05.977416+00:00,69.8,50,ask,DiligentDonuts,FlawlessFlatbreads,1100855
2026-07-01T06:11:05.513346,2026-06-30T20:11:06.697968+00:00,69.8,50,ask,DiligentDonuts,EarnestEspressos,1100867
2026-07-01T06:11:06.967707,2026-06-30T20:11:08.153963+00:00,69.7,43,bid,CostlyCorianders,EarnestEspressos,1100885
2026-07-01T06:11:08.620020,2026-06-30T20:11:09.803765+00:00,69.4,44,ask,DiligentDonuts,CostlyCorianders,1100909
2026-07-01T06:11:09.006681,2026-06-30T20:11:10.187819+00:00,69.4,50,ask,DiligentDonuts,FlawlessFlatbreads,1100914
2026-07-01T06:11:09.989961,2026-06-30T20:11:11.174461+00:00,69.3,49,ask,EarnestEspressos,CostlyCorianders,1100934
2026-07-01T06:11:11.061089,2026-06-30T20:11:12.241077+00:00,69.4,50,bid,FlawlessFlatbreads,DiligentDonuts,1100945
2026-07-01T06:11:13.168879,2026-06-30T20:11:14.348344+00:00,69.7,50,bid,FlawlessFlatbreads,DiligentDonuts,1100965
2026-07-01T06:11:14.980361,2026-06-30T20:11:16.161785+00:00,69.7,45,bid,CostlyCorianders,DiligentDonuts,1100999
2026-07-01T06:11:15.279547,2026-06-30T20:11:16.464111+00:00,69.7,5,bid,FlawlessFlatbreads,DiligentDonuts,1101001
2026-07-01T06:11:15.279547,2026-06-30T20:11:16.464111+00:00,69.7,45,bid,FlawlessFlatbreads,EarnestEspressos,1101002
2026-07-01T06:11:19.491679,2026-06-30T20:11:20.678960+00:00,69.8,50,bid,FlawlessFlatbreads,DiligentDonuts,1101062
2026-07-01T06:11:21.598167,2026-06-30T20:11:22.785353+00:00,69.6,50,bid,FlawlessFlatbreads,EarnestEspressos,1101100
2026-07-01T06:11:23.756928,2026-06-30T20:11:24.936186+00:00,69.3,50,ask,DiligentDonuts,FlawlessFlatbreads,1101138
2026-07-01T06:11:25.863999,2026-06-30T20:11:27.043920+00:00,69.4,50,ask,EarnestEspressos,FlawlessFlatbreads,1101176
2026-07-01T06:11:26.987672,2026-06-30T20:11:28.171990+00:00,69.4,48,ask,EarnestEspressos,CostlyCorianders,1101194
2026-07-01T06:11:27.970421,2026-06-30T20:11:29.148081+00:00,69.2,50,ask,DiligentDonuts,FlawlessFlatbreads,1101222
2026-07-01T06:11:29.071763,2026-06-30T20:11:30.255321+00:00,69.4,47,bid,CostlyCorianders,EarnestEspressos,1101242
2026-07-01T06:11:29.626320,2026-06-30T20:11:30.810394+00:00,69.1,10,ask,Zijun Feng,CostlyCorianders,1101250
2026-07-01T06:11:29.626320,2026-06-30T20:11:30.810394+00:00,69.0,39,ask,DiligentDonuts,CostlyCorianders,1101251
2026-07-01T06:11:30.077569,2026-06-30T20:11:31.260971+00:00,69.0,50,ask,DiligentDonuts,FlawlessFlatbreads,1101256
2026-07-01T06:11:30.603781,2026-06-30T20:11:31.789476+00:00,69.4,45,bid,CostlyCorianders,EarnestEspressos,1101265
2026-07-01T06:11:31.476424,2026-06-30T20:11:32.663959+00:00,69.2,100,ask,EarnestEspressos,DiligentDonuts,1101283
2026-07-01T06:11:32.183135,2026-06-30T20:11:33.362865+00:00,69.2,50,ask,EarnestEspressos,FlawlessFlatbreads,1101295
2026-07-01T06:11:34.290459,2026-06-30T20:11:35.475102+00:00,68.8,50,ask,EarnestEspressos,FlawlessFlatbreads,1101324
2026-07-01T06:11:35.414755,2026-06-30T20:11:36.595600+00:00,69.2,42,ask,DiligentDonuts,CostlyCorianders,1101338
2026-07-01T06:11:36.395573,2026-06-30T20:11:37.574953+00:00,69.3,40,bid,CostlyCorianders,EarnestEspressos,1101352
2026-07-01T06:11:36.398826,2026-06-30T20:11:37.585953+00:00,69.2,50,ask,DiligentDonuts,FlawlessFlatbreads,1101353
2026-07-01T06:11:37.186457,2026-06-30T20:11:38.373328+00:00,69.2,8,ask,DiligentDonuts,EarnestEspressos,1101365
2026-07-01T06:11:38.605196,2026-06-30T20:11:39.786505+00:00,69.0,142,bid,Chester Au,EarnestEspressos,1101380
2026-07-01T06:11:39.463042,2026-06-30T20:11:40.642617+00:00,69.2,44,bid,CostlyCorianders,DiligentDonuts,1101388
2026-07-01T06:11:40.295577,2026-06-30T20:11:41.475246+00:00,69.2,56,bid,EarnestEspressos,DiligentDonuts,1101397
2026-07-01T06:11:42.710405,2026-06-30T20:11:43.893536+00:00,69.3,50,ask,EarnestEspressos,FlawlessFlatbreads,1101431
2026-07-01T06:11:44.825922,2026-06-30T20:11:46.008810+00:00,69.2,50,ask,DiligentDonuts,FlawlessFlatbreads,1101461
2026-07-01T06:11:46.633865,2026-06-30T20:11:47.819431+00:00,69.2,43,ask,DiligentDonuts,CostlyCorianders,1101491
2026-07-01T06:11:46.932969,2026-06-30T20:11:48.112380+00:00,69.2,7,ask,DiligentDonuts,FlawlessFlatbreads,1101492
2026-07-01T06:11:46.932969,2026-06-30T20:11:48.112380+00:00,68.9,43,ask,EarnestEspressos,FlawlessFlatbreads,1101493
2026-07-01T06:11:47.095115,2026-06-30T20:11:48.275551+00:00,69.4,49,bid,CostlyCorianders,EarnestEspressos,1101495
2026-07-01T06:11:47.150977,2026-06-30T20:11:48.341111+00:00,68.9,41,ask,EarnestEspressos,CostlyCorianders,1101497
2026-07-01T06:11:48.697557,2026-06-30T20:11:49.882314+00:00,69.0,10,ask,Zijun Feng,CostlyCorianders,1101525
2026-07-01T06:11:48.989030,2026-06-30T20:11:50.166862+00:00,69.3,50,bid,FlawlessFlatbreads,DiligentDonuts,1101528
2026-07-01T06:11:51.093810,2026-06-30T20:11:52.280567+00:00,69.3,50,bid,FlawlessFlatbreads,EarnestEspressos,1101556
2026-07-01T06:11:51.746579,2026-06-30T20:11:52.927148+00:00,69.3,58,bid,Chester Au,EarnestEspressos,1101562
2026-07-01T06:11:53.199213,2026-06-30T20:11:54.382331+00:00,69.5,50,bid,FlawlessFlatbreads,DiligentDonuts,1101581
2026-07-01T06:11:53.240855,2026-06-30T20:11:54.426331+00:00,69.2,44,ask,EarnestEspressos,CostlyCorianders,1101583
2026-07-01T06:11:54.942528,2026-06-30T20:11:56.122368+00:00,69.6,40,bid,CostlyCorianders,DiligentDonuts,1101608
2026-07-01T06:11:55.320144,2026-06-30T20:11:56.505359+00:00,69.6,50,bid,FlawlessFlatbreads,DiligentDonuts,1101610
2026-07-01T06:11:56.974973,2026-06-30T20:11:58.158428+00:00,69.3,100,ask,DiligentDonuts,Chester Au,1101639
2026-07-01T06:11:57.393808,2026-06-30T20:11:58.573915+00:00,68.9,48,ask,EarnestEspressos,CostlyCorianders,1101645
2026-07-01T06:11:57.425945,2026-06-30T20:11:58.606917+00:00,69.4,50,bid,FlawlessFlatbreads,EarnestEspressos,1101646
2026-07-01T06:11:59.533206,2026-06-30T20:12:00.713121+00:00,69.6,50,bid,FlawlessFlatbreads,EarnestEspressos,1101675
2026-07-01T06:12:01.639541,2026-06-30T20:12:02.823380+00:00,69.5,50,bid,FlawlessFlatbreads,DiligentDonuts,1101702
2026-07-01T06:12:02.094403,2026-06-30T20:12:03.280948+00:00,69.5,45,bid,CostlyCorianders,DiligentDonuts,1101707
2026-07-01T06:12:03.757059,2026-06-30T20:12:04.942661+00:00,69.8,50,bid,FlawlessFlatbreads,EarnestEspressos,1101725
2026-07-01T06:12:04.171866,2026-06-30T20:12:05.357689+00:00,69.8,42,bid,CostlyCorianders,EarnestEspressos,1101728
2026-07-01T06:12:05.630593,2026-06-30T20:12:06.815381+00:00,69.6,100,ask,EarnestEspressos,Chester Au,1101747
2026-07-01T06:12:07.969080,2026-06-30T20:12:09.155954+00:00,70.0,10,bid,FlawlessFlatbreads,Zijun Feng,1101788
2026-07-01T06:12:07.969080,2026-06-30T20:12:09.155954+00:00,70.1,40,bid,FlawlessFlatbreads,EarnestEspressos,1101789
2026-07-01T06:12:10.129724,2026-06-30T20:12:11.307896+00:00,69.5,50,ask,DiligentDonuts,FlawlessFlatbreads,1101828
2026-07-01T06:12:11.076072,2026-06-30T20:12:12.256981+00:00,69.5,46,ask,DiligentDonuts,CostlyCorianders,1101837
2026-07-01T06:12:12.241096,2026-06-30T20:12:13.426416+00:00,69.5,4,ask,DiligentDonuts,FlawlessFlatbreads,1101855
2026-07-01T06:12:12.241096,2026-06-30T20:12:13.426416+00:00,69.3,46,ask,EarnestEspressos,FlawlessFlatbreads,1101856
2026-07-01T06:12:14.200158,2026-06-30T20:12:15.381948+00:00,69.3,49,ask,EarnestEspressos,CostlyCorianders,1101882
2026-07-01T06:12:14.298571,2026-06-30T20:12:15.480968+00:00,69.6,50,bid,FlawlessFlatbreads,DiligentDonuts,1101883
2026-07-01T06:12:16.455683,2026-06-30T20:12:17.635237+00:00,69.2,50,ask,DiligentDonuts,FlawlessFlatbreads,1101909
2026-07-01T06:12:18.510854,2026-06-30T20:12:19.696010+00:00,69.4,50,bid,FlawlessFlatbreads,EarnestEspressos,1101933
2026-07-01T06:12:20.618850,2026-06-30T20:12:21.804522+00:00,69.4,50,bid,FlawlessFlatbreads,EarnestEspressos,1101960
2026-07-01T06:12:22.291319,2026-06-30T20:12:23.469628+00:00,69.7,46,bid,CostlyCorianders,EarnestEspressos,1101988
2026-07-01T06:12:22.725181,2026-06-30T20:12:23.906863+00:00,69.7,50,bid,FlawlessFlatbreads,EarnestEspressos,1101995
2026-07-01T06:12:23.870555,2026-06-30T20:12:25.053230+00:00,69.2,44,ask,EarnestEspressos,CostlyCorianders,1102014
2026-07-01T06:12:24.831889,2026-06-30T20:12:26.015275+00:00,69.7,50,bid,FlawlessFlatbreads,DiligentDonuts,1102033
2026-07-01T06:12:25.449480,2026-06-30T20:12:26.628301+00:00,69.6,41,bid,CostlyCorianders,DiligentDonuts,1102045
2026-07-01T06:12:25.979154,2026-06-30T20:12:27.166402+00:00,69.6,40,bid,CostlyCorianders,DiligentDonuts,1102057
2026-07-01T06:12:26.938056,2026-06-30T20:12:28.118531+00:00,69.6,19,bid,FlawlessFlatbreads,DiligentDonuts,1102075
2026-07-01T06:12:29.106221,2026-06-30T20:12:30.288802+00:00,69.5,50,ask,EarnestEspressos,FlawlessFlatbreads,1102107
2026-07-01T06:12:30.593686,2026-06-30T20:12:31.775076+00:00,69.5,47,ask,EarnestEspressos,CostlyCorianders,1102130
2026-07-01T06:12:31.212977,2026-06-30T20:12:32.393930+00:00,69.4,50,ask,DiligentDonuts,FlawlessFlatbreads,1102144
2026-07-01T06:12:31.552182,2026-06-30T20:12:32.742618+00:00,69.8,48,bid,CostlyCorianders,EarnestEspressos,1102150
2026-07-01T06:12:33.323922,2026-06-30T20:12:34.504093+00:00,69.6,50,ask,DiligentDonuts,FlawlessFlatbreads,1102176
2026-07-01T06:12:35.381041,2026-06-30T20:12:36.563646+00:00,69.8,50,bid,FlawlessFlatbreads,DiligentDonuts,1102207
2026-07-01T06:12:36.335477,2026-06-30T20:12:37.517580+00:00,69.7,44,ask,EarnestEspressos,CostlyCorianders,1102229
2026-07-01T06:12:37.487159,2026-06-30T20:12:38.673838+00:00,69.7,50,bid,FlawlessFlatbreads,EarnestEspressos,1102247
2026-07-01T06:12:38.431113,2026-06-30T20:12:39.615369+00:00,69.4,48,ask,DiligentDonuts,CostlyCorianders,1102256
2026-07-01T06:12:39.593997,2026-06-30T20:12:40.780540+00:00,69.7,50,bid,FlawlessFlatbreads,EarnestEspressos,1102274
2026-07-01T06:12:41.764007,2026-06-30T20:12:42.951981+00:00,69.6,50,ask,EarnestEspressos,FlawlessFlatbreads,1102321
2026-07-01T06:12:43.573019,2026-06-30T20:12:44.760461+00:00,69.8,46,bid,CostlyCorianders,DiligentDonuts,1102345
2026-07-01T06:12:43.869460,2026-06-30T20:12:45.051660+00:00,69.6,50,ask,EarnestEspressos,FlawlessFlatbreads,1102350
2026-07-01T06:12:44.897514,2026-06-30T20:12:46.078197+00:00,70.0,10,bid,CostlyCorianders,Zijun Feng,1102373
2026-07-01T06:12:45.471985,2026-06-30T20:12:46.653289+00:00,69.7,40,ask,DiligentDonuts,CostlyCorianders,1102380
2026-07-01T06:12:46.964973,2026-06-30T20:12:48.146053+00:00,69.7,40,ask,DiligentDonuts,CostlyCorianders,1102395
2026-07-01T06:12:48.032415,2026-06-30T20:12:49.217090+00:00,69.8,50,bid,FlawlessFlatbreads,EarnestEspressos,1102420
2026-07-01T06:12:49.353804,2026-06-30T20:12:50.541485+00:00,69.8,43,bid,CostlyCorianders,EarnestEspressos,1102432
2026-07-01T06:12:50.005783,2026-06-30T20:12:51.185935+00:00,70.0,44,bid,CostlyCorianders,DiligentDonuts,1102436
2026-07-01T06:12:50.138166,2026-06-30T20:12:51.316966+00:00,70.0,50,bid,FlawlessFlatbreads,DiligentDonuts,1102437
2026-07-01T06:12:50.547881,2026-06-30T20:12:51.734470+00:00,69.8,40,ask,EarnestEspressos,CostlyCorianders,1102444
2026-07-01T06:12:51.522379,2026-06-30T20:12:52.706066+00:00,69.8,44,ask,EarnestEspressos,CostlyCorianders,1102454
2026-07-01T06:12:53.667510,2026-06-30T20:12:54.848585+00:00,69.9,47,bid,CostlyCorianders,EarnestEspressos,1102492
2026-07-01T06:12:54.403396,2026-06-30T20:12:55.583953+00:00,69.7,50,ask,DiligentDonuts,FlawlessFlatbreads,1102505
2026-07-01T06:12:55.244497,2026-06-30T20:12:56.426861+00:00,69.7,41,ask,DiligentDonuts,CostlyCorianders,1102529
2026-07-01T06:12:56.477190,2026-06-30T20:12:57.661355+00:00,70.2,42,bid,CostlyCorianders,DiligentDonuts,1102542
2026-07-01T06:12:56.510071,2026-06-30T20:12:57.694356+00:00,69.7,9,ask,DiligentDonuts,FlawlessFlatbreads,1102543
2026-07-01T06:12:56.510071,2026-06-30T20:12:57.694356+00:00,69.7,41,ask,EarnestEspressos,FlawlessFlatbreads,1102544
2026-07-01T06:12:58.619615,2026-06-30T20:12:59.797470+00:00,69.7,50,ask,EarnestEspressos,FlawlessFlatbreads,1102588
2026-07-01T06:13:00.727127,2026-06-30T20:13:01.910746+00:00,69.6,50,ask,DiligentDonuts,FlawlessFlatbreads,1102628
2026-07-01T06:13:02.065661,2026-06-30T20:13:03.253665+00:00,69.8,47,bid,CostlyCorianders,EarnestEspressos,1102648
2026-07-01T06:13:02.834757,2026-06-30T20:13:04.016513+00:00,69.6,50,ask,DiligentDonuts,FlawlessFlatbreads,1102661
2026-07-01T06:13:03.648874,2026-06-30T20:13:04.836728+00:00,69.5,49,bid,CostlyCorianders,DiligentDonuts,1102676
2026-07-01T06:13:05.700649,2026-06-30T20:13:06.891368+00:00,69.3,10,ask,Zijun Feng,CostlyCorianders,1102708
2026-07-01T06:13:05.700649,2026-06-30T20:13:06.891368+00:00,69.0,36,ask,DiligentDonuts,CostlyCorianders,1102709
2026-07-01T06:13:05.751990,2026-06-30T20:13:06.935367+00:00,69.5,51,bid,EarnestEspressos,DiligentDonuts,1102711
2026-07-01T06:13:07.227370,2026-06-30T20:13:08.412574+00:00,69.6,47,ask,EarnestEspressos,CostlyCorianders,1102722
2026-07-01T06:13:07.756078,2026-06-30T20:13:08.942712+00:00,70.0,48,bid,CostlyCorianders,DiligentDonuts,1102729
2026-07-01T06:13:09.148346,2026-06-30T20:13:10.330801+00:00,69.5,50,ask,DiligentDonuts,FlawlessFlatbreads,1102746
2026-07-01T06:13:09.438895,2026-06-30T20:13:10.626831+00:00,69.6,43,bid,CostlyCorianders,EarnestEspressos,1102752
2026-07-01T06:13:11.254589,2026-06-30T20:13:12.435865+00:00,69.4,10,ask,Zijun Feng,FlawlessFlatbreads,1102783
2026-07-01T06:13:11.254589,2026-06-30T20:13:12.435865+00:00,69.3,40,ask,DiligentDonuts,FlawlessFlatbreads,1102784
2026-07-01T06:13:13.366371,2026-06-30T20:13:14.544778+00:00,69.3,50,ask,EarnestEspressos,FlawlessFlatbreads,1102812
2026-07-01T06:13:15.422368,2026-06-30T20:13:16.610343+00:00,69.7,50,bid,FlawlessFlatbreads,EarnestEspressos,1102839
2026-07-01T06:13:17.530045,2026-06-30T20:13:18.713055+00:00,69.7,50,bid,FlawlessFlatbreads,EarnestEspressos,1102869
2026-07-01T06:13:19.687507,2026-06-30T20:13:20.872117+00:00,69.4,50,ask,EarnestEspressos,FlawlessFlatbreads,1102903
2026-07-01T06:13:21.239919,2026-06-30T20:13:22.417922+00:00,69.4,49,ask,EarnestEspressos,CostlyCorianders,1102935
2026-07-01T06:13:21.793547,2026-06-30T20:13:22.972380+00:00,69.2,50,ask,DiligentDonuts,FlawlessFlatbreads,1102944
2026-07-01T06:13:23.899816,2026-06-30T20:13:25.080141+00:00,69.2,10,ask,Zijun Feng,FlawlessFlatbreads,1102967
2026-07-01T06:13:23.899816,2026-06-30T20:13:25.080141+00:00,69.1,40,ask,DiligentDonuts,FlawlessFlatbreads,1102968
2026-07-01T06:13:24.746669,2026-06-30T20:13:25.932662+00:00,69.2,10,ask,Zijun Feng,CostlyCorianders,1102979
2026-07-01T06:13:25.343607,2026-06-30T20:13:26.532124+00:00,69.6,42,bid,CostlyCorianders,EarnestEspressos,1102989
2026-07-01T06:13:26.008558,2026-06-30T20:13:27.187513+00:00,69.2,10,ask,Zijun Feng,FlawlessFlatbreads,1103006
2026-07-01T06:13:26.008558,2026-06-30T20:13:27.198512+00:00,69.1,40,ask,EarnestEspressos,FlawlessFlatbreads,1103007
2026-07-01T06:13:27.901079,2026-06-30T20:13:29.082942+00:00,69.0,43,ask,DiligentDonuts,CostlyCorianders,1103032
2026-07-01T06:13:28.117126,2026-06-30T20:13:29.300414+00:00,69.0,50,ask,DiligentDonuts,FlawlessFlatbreads,1103034
2026-07-01T06:13:28.380790,2026-06-30T20:13:29.571065+00:00,69.4,40,bid,CostlyCorianders,EarnestEspressos,1103040
2026-07-01T06:13:28.596498,2026-06-30T20:13:29.776213+00:00,69.1,100,bid,Chester Au,DiligentDonuts,1103044
2026-07-01T06:13:29.809240,2026-06-30T20:13:30.987085+00:00,69.4,48,bid,CostlyCorianders,EarnestEspressos,1103059
2026-07-01T06:13:30.186424,2026-06-30T20:13:31.382019+00:00,69.4,50,bid,FlawlessFlatbreads,EarnestEspressos,1103067
2026-07-01T06:13:31.297633,2026-06-30T20:13:32.480656+00:00,69.6,100,ask,EarnestEspressos,Chester Au,1103079
2026-07-01T06:13:31.750362,2026-06-30T20:13:32.938299+00:00,69.6,50,ask,EarnestEspressos,DiligentDonuts,1103088
2026-07-01T06:13:32.296627,2026-06-30T20:13:33.485021+00:00,69.3,50,bid,FlawlessFlatbreads,DiligentDonuts,1103099
2026-07-01T06:13:32.763596,2026-06-30T20:13:33.945203+00:00,68.8,42,ask,DiligentDonuts,CostlyCorianders,1103106
2026-07-01T06:13:34.403270,2026-06-30T20:13:35.581538+00:00,69.2,50,bid,FlawlessFlatbreads,EarnestEspressos,1103127
2026-07-01T06:13:35.578963,2026-06-30T20:13:36.762439+00:00,69.2,41,bid,CostlyCorianders,EarnestEspressos,1103143
2026-07-01T06:13:36.509480,2026-06-30T20:13:37.689196+00:00,69.2,50,bid,FlawlessFlatbreads,EarnestEspressos,1103158
2026-07-01T06:13:40.772308,2026-06-30T20:13:41.955233+00:00,69.4,50,ask,EarnestEspressos,FlawlessFlatbreads,1103206
2026-07-01T06:13:42.879729,2026-06-30T20:13:44.058818+00:00,69.4,50,ask,EarnestEspressos,FlawlessFlatbreads,1103235
2026-07-01T06:13:43.491884,2026-06-30T20:13:44.674076+00:00,69.4,43,ask,EarnestEspressos,CostlyCorianders,1103250
2026-07-01T06:13:44.090420,2026-06-30T20:13:45.276659+00:00,69.0,45,ask,DiligentDonuts,CostlyCorianders,1103267
2026-07-01T06:13:44.986985,2026-06-30T20:13:46.172049+00:00,68.8,50,ask,EarnestEspressos,FlawlessFlatbreads,1103277
2026-07-01T06:13:46.510706,2026-06-30T20:13:47.689863+00:00,69.3,43,bid,CostlyCorianders,EarnestEspressos,1103294
2026-07-01T06:13:47.095135,2026-06-30T20:13:48.276758+00:00,68.8,50,ask,DiligentDonuts,FlawlessFlatbreads,1103296
2026-07-01T06:13:47.458015,2026-06-30T20:13:48.647773+00:00,69.1,40,bid,CostlyCorianders,EarnestEspressos,1103302
2026-07-01T06:13:49.201862,2026-06-30T20:13:50.387296+00:00,68.7,10,ask,Zijun Feng,FlawlessFlatbreads,1103330
2026-07-01T06:13:49.201862,2026-06-30T20:13:50.387296+00:00,68.6,40,ask,EarnestEspressos,FlawlessFlatbreads,1103331
2026-07-01T06:13:49.462434,2026-06-30T20:13:50.650812+00:00,68.6,41,ask,EarnestEspressos,CostlyCorianders,1103335
2026-07-01T06:13:49.632793,2026-06-30T20:13:50.815346+00:00,69.0,100,bid,Chester Au,DiligentDonuts,1103345
2026-07-01T06:13:50.612827,2026-06-30T20:13:51.799949+00:00,68.7,10,ask,Zijun Feng,CostlyCorianders,1103360
2026-07-01T06:13:50.612827,2026-06-30T20:13:51.799949+00:00,68.6,31,ask,EarnestEspressos,CostlyCorianders,1103361
2026-07-01T06:13:51.311357,2026-06-30T20:13:52.489409+00:00,69.0,50,ask,DiligentDonuts,FlawlessFlatbreads,1103375
2026-07-01T06:13:52.260794,2026-06-30T20:13:53.442446+00:00,69.1,100,bid,Chester Au,EarnestEspressos,1103390
2026-07-01T06:13:53.419174,2026-06-30T20:13:54.598789+00:00,69.0,50,ask,DiligentDonuts,FlawlessFlatbreads,1103403
2026-07-01T06:13:53.724092,2026-06-30T20:13:54.903728+00:00,69.5,44,bid,CostlyCorianders,DiligentDonuts,1103408
2026-07-01T06:13:54.188083,2026-06-30T20:13:55.375477+00:00,69.4,44,bid,CostlyCorianders,DiligentDonuts,1103417
2026-07-01T06:13:54.243024,2026-06-30T20:13:55.429511+00:00,69.0,42,ask,EarnestEspressos,CostlyCorianders,1103418
2026-07-01T06:13:55.476758,2026-06-30T20:13:56.665353+00:00,69.4,50,bid,FlawlessFlatbreads,DiligentDonuts,1103442
2026-07-01T06:13:56.270098,2026-06-30T20:13:57.454091+00:00,69.0,49,ask,EarnestEspressos,CostlyCorianders,1103462
2026-07-01T06:13:57.014123,2026-06-30T20:13:58.197344+00:00,69.1,100,bid,DiligentDonuts,EarnestEspressos,1103470
2026-07-01T06:13:57.634398,2026-06-30T20:13:58.818919+00:00,68.7,10,ask,Zijun Feng,FlawlessFlatbreads,1103477
2026-07-01T06:13:57.634398,2026-06-30T20:13:58.818919+00:00,68.6,40,ask,EarnestEspressos,FlawlessFlatbreads,1103478
2026-07-01T06:13:58.230716,2026-06-30T20:13:59.411905+00:00,69.1,41,bid,CostlyCorianders,EarnestEspressos,1103487
2026-07-01T06:14:00.456918,2026-06-30T20:14:01.645699+00:00,69.3,41,bid,CostlyCorianders,DiligentDonuts,1103530
2026-07-01T06:14:01.795647,2026-06-30T20:14:02.975969+00:00,69.3,50,bid,FlawlessFlatbreads,DiligentDonuts,1103551
2026-07-01T06:14:02.163573,2026-06-30T20:14:03.346468+00:00,68.9,43,ask,EarnestEspressos,CostlyCorianders,1103559
2026-07-01T06:14:03.336807,2026-06-30T20:14:04.520171+00:00,69.2,100,bid,DiligentDonuts,EarnestEspressos,1103574
2026-07-01T06:14:03.953336,2026-06-30T20:14:05.139588+00:00,68.8,10,ask,Zijun Feng,FlawlessFlatbreads,1103579
2026-07-01T06:14:03.953336,2026-06-30T20:14:05.139588+00:00,68.7,40,ask,EarnestEspressos,FlawlessFlatbreads,1103580
2026-07-01T06:14:06.061370,2026-06-30T20:14:07.240477+00:00,69.1,50,ask,EarnestEspressos,FlawlessFlatbreads,1103596
2026-07-01T06:14:08.117669,2026-06-30T20:14:09.295782+00:00,69.3,50,bid,FlawlessFlatbreads,DiligentDonuts,1103622
2026-07-01T06:14:10.206884,2026-06-30T20:14:11.386921+00:00,69.3,10,bid,CostlyCorianders,Zijun Feng,1103653
2026-07-01T06:14:10.238186,2026-06-30T20:14:11.419410+00:00,69.4,50,bid,FlawlessFlatbreads,EarnestEspressos,1103655
2026-07-01T06:14:11.281806,2026-06-30T20:14:12.461535+00:00,68.9,40,ask,EarnestEspressos,CostlyCorianders,1103669
2026-07-01T06:14:14.514527,2026-06-30T20:14:15.697420+00:00,68.9,50,ask,DiligentDonuts,FlawlessFlatbreads,1103711
2026-07-01T06:14:16.329333,2026-06-30T20:14:17.516313+00:00,68.9,47,ask,EarnestEspressos,CostlyCorianders,1103742
2026-07-01T06:14:16.621509,2026-06-30T20:14:17.810255+00:00,68.9,50,ask,EarnestEspressos,FlawlessFlatbreads,1103748
2026-07-01T06:14:16.867059,2026-06-30T20:14:18.047801+00:00,69.1,40,bid,CostlyCorianders,DiligentDonuts,1103757
2026-07-01T06:14:18.729629,2026-06-30T20:14:19.913480+00:00,68.9,10,ask,Zijun Feng,FlawlessFlatbreads,1103781
2026-07-01T06:14:18.729629,2026-06-30T20:14:19.913480+00:00,68.6,40,ask,DiligentDonuts,FlawlessFlatbreads,1103782
2026-07-01T06:14:20.146614,2026-06-30T20:14:21.330562+00:00,69.0,43,bid,CostlyCorianders,EarnestEspressos,1103807
2026-07-01T06:14:20.714239,2026-06-30T20:14:21.895294+00:00,68.7,45,ask,DiligentDonuts,CostlyCorianders,1103827
2026-07-01T06:14:20.838442,2026-06-30T20:14:22.026327+00:00,68.7,50,ask,DiligentDonuts,FlawlessFlatbreads,1103829
2026-07-01T06:14:21.670619,2026-06-30T20:14:22.857344+00:00,69.2,47,bid,CostlyCorianders,DiligentDonuts,1103842
2026-07-01T06:14:22.895088,2026-06-30T20:14:24.082987+00:00,68.9,50,bid,FlawlessFlatbreads,EarnestEspressos,1103854
2026-07-01T06:14:23.045967,2026-06-30T20:14:24.225003+00:00,68.9,44,bid,CostlyCorianders,EarnestEspressos,1103856
2026-07-01T06:14:24.003063,2026-06-30T20:14:25.186219+00:00,68.5,10,ask,Zijun Feng,CostlyCorianders,1103874
2026-07-01T06:14:24.003063,2026-06-30T20:14:25.186219+00:00,68.4,38,ask,EarnestEspressos,CostlyCorianders,1103875
2026-07-01T06:14:25.066790,2026-06-30T20:14:26.254275+00:00,68.6,50,ask,EarnestEspressos,FlawlessFlatbreads,1103893
2026-07-01T06:14:25.084063,2026-06-30T20:14:26.265275+00:00,68.9,40,bid,CostlyCorianders,DiligentDonuts,1103894
2026-07-01T06:14:25.679361,2026-06-30T20:14:26.864347+00:00,68.6,49,ask,EarnestEspressos,CostlyCorianders,1103901
2026-07-01T06:14:26.261150,2026-06-30T20:14:27.439651+00:00,68.9,10,bid,CostlyCorianders,Zijun Feng,1103910
2026-07-01T06:14:26.261150,2026-06-30T20:14:27.450380+00:00,69.0,35,bid,CostlyCorianders,DiligentDonuts,1103911
2026-07-01T06:14:28.355246,2026-06-30T20:14:29.541623+00:00,68.5,49,ask,DiligentDonuts,CostlyCorianders,1103931
2026-07-01T06:14:28.860484,2026-06-30T20:14:30.045723+00:00,68.5,10,ask,Zijun Feng,CostlyCorianders,1103947
2026-07-01T06:14:28.860484,2026-06-30T20:14:30.045723+00:00,68.5,38,ask,DiligentDonuts,CostlyCorianders,1103948
2026-07-01T06:14:29.284530,2026-06-30T20:14:30.471777+00:00,68.5,50,ask,DiligentDonuts,FlawlessFlatbreads,1103954
2026-07-01T06:14:31.390968,2026-06-30T20:14:32.574479+00:00,68.5,12,ask,DiligentDonuts,FlawlessFlatbreads,1103991
2026-07-01T06:14:31.390968,2026-06-30T20:14:32.574479+00:00,68.5,10,ask,Zijun Feng,FlawlessFlatbreads,1103992
2026-07-01T06:14:36.710750,2026-06-30T20:14:37.892263+00:00,69.0,44,bid,CostlyCorianders,EarnestEspressos,1104080
2026-07-01T06:14:37.660805,2026-06-30T20:14:38.847310+00:00,69.0,50,bid,FlawlessFlatbreads,DiligentDonuts,1104091
2026-07-01T06:14:41.522794,2026-06-30T20:14:42.701906+00:00,69.0,48,bid,CostlyCorianders,DiligentDonuts,1104133
2026-07-01T06:14:41.874790,2026-06-30T20:14:43.062203+00:00,69.0,50,bid,FlawlessFlatbreads,DiligentDonuts,1104137
2026-07-01T06:14:42.564214,2026-06-30T20:14:43.750975+00:00,68.6,43,ask,EarnestEspressos,CostlyCorianders,1104140
2026-07-01T06:14:43.984384,2026-06-30T20:14:45.170833+00:00,68.9,50,bid,FlawlessFlatbreads,EarnestEspressos,1104157
2026-07-01T06:14:44.499654,2026-06-30T20:14:45.684164+00:00,68.8,10,bid,DiligentDonuts,Zijun Feng,1104164
2026-07-01T06:14:44.551986,2026-06-30T20:14:45.739164+00:00,68.8,42,ask,DiligentDonuts,CostlyCorianders,1104165
2026-07-01T06:14:46.090214,2026-06-30T20:14:47.278452+00:00,68.9,50,bid,FlawlessFlatbreads,EarnestEspressos,1104185
2026-07-01T06:14:48.249009,2026-06-30T20:14:49.431684+00:00,68.8,50,ask,EarnestEspressos,FlawlessFlatbreads,1104209
2026-07-01T06:14:50.354301,2026-06-30T20:14:51.540875+00:00,68.7,50,ask,DiligentDonuts,FlawlessFlatbreads,1104241
2026-07-01T06:14:52.413231,2026-06-30T20:14:53.593652+00:00,68.8,50,bid,FlawlessFlatbreads,DiligentDonuts,1104261
