timestamp,recv_time,price,volume,aggressor_side,buyer,seller,trade_id
2026-07-04T11:00:00.395095,2026-07-04T11:00:00.402367+00:00,144.2,50,ask,EarnestEspressos,FlawlessFlatbreads,6908916
2026-07-04T11:00:00.928715,2026-07-04T11:00:00.940394+00:00,144.2,47,ask,EarnestEspressos,CostlyCorianders,6908922
2026-07-04T11:00:01.918379,2026-07-04T11:00:01.927492+00:00,144.6,43,bid,CostlyCorianders,DiligentDonuts,6908938
2026-07-04T11:00:02.467261,2026-07-04T11:00:02.479489+00:00,144.6,50,bid,FlawlessFlatbreads,DiligentDonuts,6908943
2026-07-04T11:00:04.579107,2026-07-04T11:00:04.590610+00:00,144.4,50,bid,FlawlessFlatbreads,EarnestEspressos,6908972
2026-07-04T11:00:05.966581,2026-07-04T11:00:05.974068+00:00,144.2,43,ask,DiligentDonuts,CostlyCorianders,6908988
2026-07-04T11:00:06.687016,2026-07-04T11:00:06.696392+00:00,144.4,50,bid,FlawlessFlatbreads,EarnestEspressos,6908997
2026-07-04T11:00:07.320153,2026-07-04T11:00:07.330007+00:00,144.3,11,ask,EarnestEspressos,Xuanyu Liu,6909006
2026-07-04T11:00:08.796044,2026-07-04T11:00:08.808535+00:00,144.4,50,bid,FlawlessFlatbreads,DiligentDonuts,6909028
2026-07-04T11:00:09.137393,2026-07-04T11:00:09.147399+00:00,144.3,11,ask,EarnestEspressos,Xuanyu Liu,6909030
2026-07-04T11:00:10.386221,2026-07-04T11:00:10.393174+00:00,143.9,40,ask,EarnestEspressos,CostlyCorianders,6909050
2026-07-04T11:00:10.902636,2026-07-04T11:00:10.910161+00:00,144.4,50,bid,FlawlessFlatbreads,EarnestEspressos,6909063
2026-07-04T11:00:12.081763,2026-07-04T11:00:12.088277+00:00,144.4,48,bid,CostlyCorianders,EarnestEspressos,6909078
2026-07-04T11:00:13.008780,2026-07-04T11:00:13.020348+00:00,144.4,50,bid,FlawlessFlatbreads,EarnestEspressos,6909092
2026-07-04T11:00:13.376449,2026-07-04T11:00:13.384099+00:00,144.2,12,ask,EarnestEspressos,Xuanyu Liu,6909101
2026-07-04T11:00:13.494329,2026-07-04T11:00:13.505750+00:00,144.2,100,ask,EarnestEspressos,DiligentDonuts,6909104
2026-07-04T11:00:15.116742,2026-07-04T11:00:15.128308+00:00,144.7,50,bid,FlawlessFlatbreads,EarnestEspressos,6909137
2026-07-04T11:00:17.233905,2026-07-04T11:00:17.242566+00:00,144.3,50,bid,FlawlessFlatbreads,EarnestEspressos,6909176
2026-07-04T11:00:17.296357,2026-07-04T11:00:17.307773+00:00,144.0,46,ask,DiligentDonuts,CostlyCorianders,6909177
2026-07-04T11:00:17.912140,2026-07-04T11:00:17.923603+00:00,144.0,47,ask,DiligentDonuts,CostlyCorianders,6909188
2026-07-04T11:00:18.422388,2026-07-04T11:00:18.433885+00:00,144.3,46,bid,CostlyCorianders,EarnestEspressos,6909197
2026-07-04T11:00:19.341373,2026-07-04T11:00:19.351188+00:00,144.3,50,bid,FlawlessFlatbreads,EarnestEspressos,6909211
2026-07-04T11:00:19.608808,2026-07-04T11:00:19.618444+00:00,144.5,100,bid,EarnestEspressos,DiligentDonuts,6909217
2026-07-04T11:00:19.670720,2026-07-04T11:00:19.678788+00:00,144.5,23,ask,EarnestEspressos,Xuanyu Liu,6909220
2026-07-04T11:00:20.081409,2026-07-04T11:00:20.090775+00:00,144.5,11,ask,EarnestEspressos,Xuanyu Liu,6909228
2026-07-04T11:00:20.420928,2026-07-04T11:00:20.432775+00:00,144.6,42,bid,CostlyCorianders,DiligentDonuts,6909233
2026-07-04T11:00:21.448721,2026-07-04T11:00:21.455220+00:00,144.6,50,bid,FlawlessFlatbreads,DiligentDonuts,6909244
2026-07-04T11:00:22.510334,2026-07-04T11:00:22.519685+00:00,144.5,3,ask,EarnestEspressos,Xuanyu Liu,6909265
2026-07-04T11:00:22.830246,2026-07-04T11:00:22.839440+00:00,144.3,3,bid,Xuanyu Liu,EarnestEspressos,6909269
2026-07-04T11:00:23.444365,2026-07-04T11:00:23.463872+00:00,144.2,46,ask,DiligentDonuts,CostlyCorianders,6909276
2026-07-04T11:00:25.711796,2026-07-04T11:00:25.723894+00:00,144.2,50,ask,DiligentDonuts,FlawlessFlatbreads,6909302
2026-07-04T11:00:27.768345,2026-07-04T11:00:27.780316+00:00,144.3,50,bid,FlawlessFlatbreads,EarnestEspressos,6909333
2026-07-04T11:00:28.023727,2026-07-04T11:00:28.035587+00:00,143.9,40,ask,DiligentDonuts,CostlyCorianders,6909338
2026-07-04T11:00:28.644228,2026-07-04T11:00:28.658551+00:00,144.3,43,bid,CostlyCorianders,EarnestEspressos,6909346
2026-07-04T11:00:29.312471,2026-07-04T11:00:29.319862+00:00,144.1,23,bid,Xuanyu Liu,DiligentDonuts,6909357
2026-07-04T11:00:29.874378,2026-07-04T11:00:29.883241+00:00,144.1,50,bid,FlawlessFlatbreads,DiligentDonuts,6909365
2026-07-04T11:00:31.979554,2026-07-04T11:00:31.991628+00:00,144.1,27,bid,FlawlessFlatbreads,DiligentDonuts,6909392
2026-07-04T11:00:31.979554,2026-07-04T11:00:31.991628+00:00,144.5,23,bid,FlawlessFlatbreads,EarnestEspressos,6909393
2026-07-04T11:00:32.318853,2026-07-04T11:00:32.327740+00:00,144.3,12,ask,EarnestEspressos,Xuanyu Liu,6909395
2026-07-04T11:00:33.169911,2026-07-04T11:00:33.180264+00:00,144.3,11,ask,EarnestEspressos,Xuanyu Liu,6909409
2026-07-04T11:00:33.681130,2026-07-04T11:00:33.690109+00:00,144.3,47,ask,EarnestEspressos,CostlyCorianders,6909422
2026-07-04T11:00:34.139119,2026-07-04T11:00:34.150955+00:00,144.3,50,ask,EarnestEspressos,FlawlessFlatbreads,6909434
2026-07-04T11:00:35.285635,2026-07-04T11:00:35.297259+00:00,144.6,43,bid,CostlyCorianders,DiligentDonuts,6909447
2026-07-04T11:00:36.245903,2026-07-04T11:00:36.258587+00:00,144.2,50,ask,DiligentDonuts,FlawlessFlatbreads,6909464
2026-07-04T11:00:37.334442,2026-07-04T11:00:37.345935+00:00,144.3,46,bid,CostlyCorianders,EarnestEspressos,6909475
2026-07-04T11:00:38.354357,2026-07-04T11:00:38.365950+00:00,144.2,50,ask,DiligentDonuts,FlawlessFlatbreads,6909488
2026-07-04T11:00:39.580433,2026-07-04T11:00:39.591938+00:00,143.8,44,ask,EarnestEspressos,CostlyCorianders,6909503
2026-07-04T11:00:40.462298,2026-07-04T11:00:40.473784+00:00,143.8,50,ask,EarnestEspressos,FlawlessFlatbreads,6909510
2026-07-04T11:00:41.803427,2026-07-04T11:00:41.810819+00:00,144.0,23,bid,Xuanyu Liu,EarnestEspressos,6909532
2026-07-04T11:00:42.569871,2026-07-04T11:00:42.576798+00:00,143.9,50,ask,DiligentDonuts,FlawlessFlatbreads,6909543
2026-07-04T11:00:44.221773,2026-07-04T11:00:44.233383+00:00,143.9,47,ask,DiligentDonuts,CostlyCorianders,6909560
2026-07-04T11:00:44.255934,2026-07-04T11:00:44.269229+00:00,144.0,11,bid,Xuanyu Liu,EarnestEspressos,6909562
2026-07-04T11:00:44.679040,2026-07-04T11:00:44.686742+00:00,143.9,3,ask,DiligentDonuts,FlawlessFlatbreads,6909569
2026-07-04T11:00:44.679040,2026-07-04T11:00:44.691975+00:00,143.5,47,ask,EarnestEspressos,FlawlessFlatbreads,6909570
2026-07-04T11:00:46.788463,2026-07-04T11:00:46.800042+00:00,143.6,50,ask,DiligentDonuts,FlawlessFlatbreads,6909586
2026-07-04T11:00:46.912739,2026-07-04T11:00:46.919555+00:00,144.0,47,bid,CostlyCorianders,EarnestEspressos,6909589
2026-07-04T11:00:48.894924,2026-07-04T11:00:48.906495+00:00,143.7,50,ask,EarnestEspressos,FlawlessFlatbreads,6909606
2026-07-04T11:00:51.001368,2026-07-04T11:00:51.013590+00:00,143.7,50,ask,EarnestEspressos,FlawlessFlatbreads,6909631
2026-07-04T11:00:51.306543,2026-07-04T11:00:51.315895+00:00,143.8,12,bid,Xuanyu Liu,EarnestEspressos,6909634
2026-07-04T11:00:51.547705,2026-07-04T11:00:51.558556+00:00,143.8,41,bid,CostlyCorianders,EarnestEspressos,6909639
2026-07-04T11:00:52.711574,2026-07-04T11:00:52.721879+00:00,143.8,41,bid,CostlyCorianders,EarnestEspressos,6909653
2026-07-04T11:00:52.762877,2026-07-04T11:00:52.772172+00:00,143.8,22,bid,Xuanyu Liu,EarnestEspressos,6909656
2026-07-04T11:00:53.111202,2026-07-04T11:00:53.123086+00:00,143.4,50,ask,DiligentDonuts,FlawlessFlatbreads,6909658
2026-07-04T11:00:54.401923,2026-07-04T11:00:54.409993+00:00,143.9,100,bid,EarnestEspressos,DiligentDonuts,6909671
2026-07-04T11:00:55.218633,2026-07-04T11:00:55.230533+00:00,143.9,50,ask,EarnestEspressos,FlawlessFlatbreads,6909684
2026-07-04T11:00:55.865162,2026-07-04T11:00:55.876757+00:00,143.8,46,ask,DiligentDonuts,CostlyCorianders,6909687
2026-07-04T11:00:56.977551,2026-07-04T11:00:56.989274+00:00,143.8,41,ask,DiligentDonuts,CostlyCorianders,6909705
2026-07-04T11:00:57.334199,2026-07-04T11:00:57.340993+00:00,143.8,13,ask,DiligentDonuts,FlawlessFlatbreads,6909708
2026-07-04T11:00:59.375317,2026-07-04T11:00:59.383712+00:00,143.7,12,bid,Xuanyu Liu,EarnestEspressos,6909736
2026-07-04T11:00:59.440452,2026-07-04T11:00:59.452266+00:00,143.4,50,ask,DiligentDonuts,FlawlessFlatbreads,6909738
2026-07-04T11:01:01.545730,2026-07-04T11:01:01.558567+00:00,143.4,50,ask,EarnestEspressos,FlawlessFlatbreads,6909765
2026-07-04T11:01:03.669987,2026-07-04T11:01:03.677944+00:00,143.4,50,ask,EarnestEspressos,FlawlessFlatbreads,6909801
2026-07-04T11:01:03.953707,2026-07-04T11:01:03.962456+00:00,143.5,17,bid,Xuanyu Liu,EarnestEspressos,6909806
2026-07-04T11:01:05.776477,2026-07-04T11:01:05.785750+00:00,143.4,50,ask,DiligentDonuts,FlawlessFlatbreads,6909836
2026-07-04T11:01:05.882185,2026-07-04T11:01:05.893732+00:00,143.5,43,bid,CostlyCorianders,EarnestEspressos,6909838
2026-07-04T11:01:06.497312,2026-07-04T11:01:06.506502+00:00,143.5,40,bid,CostlyCorianders,EarnestEspressos,6909844
2026-07-04T11:01:07.909667,2026-07-04T11:01:07.921633+00:00,143.5,50,ask,EarnestEspressos,FlawlessFlatbreads,6909860
2026-07-04T11:01:08.036653,2026-07-04T11:01:08.043756+00:00,143.5,41,ask,EarnestEspressos,CostlyCorianders,6909861
2026-07-04T11:01:09.882900,2026-07-04T11:01:09.892365+00:00,143.5,6,ask,EarnestEspressos,Xuanyu Liu,6909886
2026-07-04T11:01:10.267881,2026-07-04T11:01:10.274635+00:00,143.3,100,ask,DiligentDonuts,EarnestEspressos,6909889
2026-07-04T11:01:10.430386,2026-07-04T11:01:10.438818+00:00,143.1,6,bid,Xuanyu Liu,DiligentDonuts,6909891
2026-07-04T11:01:11.035231,2026-07-04T11:01:11.044559+00:00,143.1,48,bid,CostlyCorianders,DiligentDonuts,6909900
2026-07-04T11:01:12.153048,2026-07-04T11:01:12.161747+00:00,142.8,50,ask,EarnestEspressos,FlawlessFlatbreads,6909909
2026-07-04T11:01:13.377019,2026-07-04T11:01:13.388751+00:00,143.1,46,bid,EarnestEspressos,DiligentDonuts,6909920
2026-07-04T11:01:14.259171,2026-07-04T11:01:14.270901+00:00,143.1,50,ask,EarnestEspressos,FlawlessFlatbreads,6909935
2026-07-04T11:01:15.415556,2026-07-04T11:01:15.427116+00:00,143.1,49,ask,EarnestEspressos,CostlyCorianders,6909952
2026-07-04T11:01:16.589781,2026-07-04T11:01:16.597915+00:00,143.1,100,ask,DiligentDonuts,EarnestEspressos,6909977
2026-07-04T11:01:18.431732,2026-07-04T11:01:18.446380+00:00,142.9,50,bid,FlawlessFlatbreads,EarnestEspressos,6910007
2026-07-04T11:01:19.816238,2026-07-04T11:01:19.827613+00:00,143.5,46,bid,CostlyCorianders,EarnestEspressos,6910027
2026-07-04T11:01:20.538574,2026-07-04T11:01:20.550217+00:00,143.2,50,bid,FlawlessFlatbreads,DiligentDonuts,6910043
2026-07-04T11:01:22.645270,2026-07-04T11:01:22.654143+00:00,143.2,50,bid,FlawlessFlatbreads,DiligentDonuts,6910079
2026-07-04T11:01:24.751203,2026-07-04T11:01:24.758570+00:00,143.3,50,bid,FlawlessFlatbreads,DiligentDonuts,6910114
2026-07-04T11:01:25.514737,2026-07-04T11:01:25.526387+00:00,143.3,41,bid,CostlyCorianders,DiligentDonuts,6910126
2026-07-04T11:01:26.636081,2026-07-04T11:01:26.647437+00:00,143.2,41,ask,EarnestEspressos,CostlyCorianders,6910141
2026-07-04T11:01:26.917380,2026-07-04T11:01:26.924567+00:00,143.2,50,ask,EarnestEspressos,FlawlessFlatbreads,6910143
2026-07-04T11:01:28.296984,2026-07-04T11:01:28.304668+00:00,143.2,46,ask,EarnestEspressos,CostlyCorianders,6910159
2026-07-04T11:01:28.971655,2026-07-04T11:01:28.975187+00:00,143.7,50,bid,FlawlessFlatbreads,EarnestEspressos,6910166
2026-07-04T11:01:31.081227,2026-07-04T11:01:31.092865+00:00,143.4,50,bid,FlawlessFlatbreads,EarnestEspressos,6910191
2026-07-04T11:01:31.351824,2026-07-04T11:01:31.358347+00:00,143.4,41,bid,CostlyCorianders,EarnestEspressos,6910193
2026-07-04T11:01:31.814353,2026-07-04T11:01:31.825930+00:00,143.4,43,bid,CostlyCorianders,EarnestEspressos,6910206
2026-07-04T11:01:33.187995,2026-07-04T11:01:33.199789+00:00,143.7,50,bid,FlawlessFlatbreads,DiligentDonuts,6910225
2026-07-04T11:01:33.396545,2026-07-04T11:01:33.408282+00:00,143.4,42,ask,EarnestEspressos,CostlyCorianders,6910228
2026-07-04T11:01:33.897443,2026-07-04T11:01:33.909223+00:00,143.7,44,bid,CostlyCorianders,DiligentDonuts,6910232
2026-07-04T11:01:33.952512,2026-07-04T11:01:33.962879+00:00,143.4,40,ask,EarnestEspressos,CostlyCorianders,6910233
2026-07-04T11:01:35.133241,2026-07-04T11:01:35.145345+00:00,143.7,6,bid,CostlyCorianders,DiligentDonuts,6910252
2026-07-04T11:01:35.133241,2026-07-04T11:01:35.145345+00:00,143.9,43,bid,CostlyCorianders,EarnestEspressos,6910253
2026-07-04T11:01:35.325811,2026-07-04T11:01:35.337842+00:00,143.9,50,bid,FlawlessFlatbreads,EarnestEspressos,6910255
2026-07-04T11:01:35.692496,2026-07-04T11:01:35.702198+00:00,143.8,6,ask,DiligentDonuts,Xuanyu Liu,6910258
2026-07-04T11:01:37.429140,2026-07-04T11:01:37.439822+00:00,143.8,11,ask,DiligentDonuts,Xuanyu Liu,6910287
2026-07-04T11:01:37.432783,2026-07-04T11:01:37.439822+00:00,144.2,50,bid,FlawlessFlatbreads,EarnestEspressos,6910288
2026-07-04T11:01:39.542154,2026-07-04T11:01:39.549905+00:00,144.3,50,bid,FlawlessFlatbreads,DiligentDonuts,6910318
2026-07-04T11:01:41.647746,2026-07-04T11:01:41.663859+00:00,144.3,50,bid,FlawlessFlatbreads,DiligentDonuts,6910340
2026-07-04T11:01:42.020751,2026-07-04T11:01:42.029646+00:00,144.1,23,ask,DiligentDonuts,Xuanyu Liu,6910343
2026-07-04T11:01:43.755857,2026-07-04T11:01:43.758543+00:00,144.4,50,bid,FlawlessFlatbreads,EarnestEspressos,6910368
2026-07-04T11:01:43.982300,2026-07-04T11:01:43.990416+00:00,144.1,11,ask,DiligentDonuts,Xuanyu Liu,6910369
2026-07-04T11:01:45.008783,2026-07-04T11:01:45.020445+00:00,144.1,45,ask,DiligentDonuts,CostlyCorianders,6910383
2026-07-04T11:01:45.554472,2026-07-04T11:01:45.558554+00:00,144.0,46,ask,EarnestEspressos,CostlyCorianders,6910395
2026-07-04T11:01:45.862962,2026-07-04T11:01:45.874635+00:00,144.2,50,bid,FlawlessFlatbreads,DiligentDonuts,6910404
2026-07-04T11:01:46.099624,2026-07-04T11:01:46.111576+00:00,144.0,42,ask,EarnestEspressos,CostlyCorianders,6910408
2026-07-04T11:01:47.969247,2026-07-04T11:01:47.976001+00:00,144.2,50,bid,FlawlessFlatbreads,DiligentDonuts,6910435
2026-07-04T11:01:50.077390,2026-07-04T11:01:50.086660+00:00,144.2,50,bid,FlawlessFlatbreads,EarnestEspressos,6910460
2026-07-04T11:01:50.898039,2026-07-04T11:01:50.909630+00:00,144.2,11,bid,Xuanyu Liu,EarnestEspressos,6910473
2026-07-04T11:01:54.291461,2026-07-04T11:01:54.302855+00:00,144.8,50,bid,FlawlessFlatbreads,EarnestEspressos,6910533
2026-07-04T11:01:56.398577,2026-07-04T11:01:56.410726+00:00,145.0,50,bid,FlawlessFlatbreads,EarnestEspressos,6910555
2026-07-04T11:01:57.659390,2026-07-04T11:01:57.667466+00:00,144.9,23,ask,EarnestEspressos,Xuanyu Liu,6910569
2026-07-04T11:01:58.107312,2026-07-04T11:01:58.115088+00:00,144.9,37,ask,EarnestEspressos,Xuanyu Liu,6910574
2026-07-04T11:01:58.557629,2026-07-04T11:01:58.569049+00:00,144.9,50,ask,EarnestEspressos,FlawlessFlatbreads,6910581
2026-07-04T11:02:00.763258,2026-07-04T11:02:00.773856+00:00,145.1,44,bid,CostlyCorianders,DiligentDonuts,6910611
2026-07-04T11:02:00.877104,2026-07-04T11:02:00.885143+00:00,144.7,3,bid,Xuanyu Liu,EarnestEspressos,6910618
2026-07-04T11:02:01.001285,2026-07-04T11:02:01.009500+00:00,144.5,3,ask,DiligentDonuts,Xuanyu Liu,6910622
2026-07-04T11:02:01.813768,2026-07-04T11:02:01.822713+00:00,144.5,41,ask,DiligentDonuts,CostlyCorianders,6910638
2026-07-04T11:02:02.767076,2026-07-04T11:02:02.778588+00:00,144.5,50,ask,DiligentDonuts,FlawlessFlatbreads,6910652
2026-07-04T11:02:04.029001,2026-07-04T11:02:04.037815+00:00,144.5,6,ask,DiligentDonuts,EarnestEspressos,6910671
2026-07-04T11:02:04.039874,2026-07-04T11:02:04.047887+00:00,144.5,3,bid,Xuanyu Liu,EarnestEspressos,6910672
2026-07-04T11:02:06.927718,2026-07-04T11:02:06.939589+00:00,144.5,50,bid,FlawlessFlatbreads,EarnestEspressos,6910712
2026-07-04T11:02:07.850191,2026-07-04T11:02:07.858562+00:00,144.2,43,ask,EarnestEspressos,CostlyCorianders,6910720
2026-07-04T11:02:09.041033,2026-07-04T11:02:09.053730+00:00,144.4,50,bid,FlawlessFlatbreads,DiligentDonuts,6910740
2026-07-04T11:02:11.013271,2026-07-04T11:02:11.024944+00:00,144.5,40,bid,CostlyCorianders,EarnestEspressos,6910767
2026-07-04T11:02:11.150451,2026-07-04T11:02:11.150885+00:00,144.5,50,bid,FlawlessFlatbreads,EarnestEspressos,6910769
2026-07-04T11:02:12.436566,2026-07-04T11:02:12.448491+00:00,144.0,47,ask,EarnestEspressos,CostlyCorianders,6910782
2026-07-04T11:02:13.256739,2026-07-04T11:02:13.255095+00:00,144.5,50,bid,FlawlessFlatbreads,EarnestEspressos,6910793
2026-07-04T11:02:15.362335,2026-07-04T11:02:15.371112+00:00,144.4,50,bid,FlawlessFlatbreads,DiligentDonuts,6910826
2026-07-04T11:02:15.720141,2026-07-04T11:02:15.726932+00:00,144.4,44,bid,CostlyCorianders,DiligentDonuts,6910832
2026-07-04T11:02:16.317576,2026-07-04T11:02:16.329218+00:00,144.2,40,ask,EarnestEspressos,CostlyCorianders,6910838
2026-07-04T11:02:17.482091,2026-07-04T11:02:17.495103+00:00,144.4,50,bid,FlawlessFlatbreads,EarnestEspressos,6910853
2026-07-04T11:02:19.587980,2026-07-04T11:02:19.599629+00:00,144.4,50,bid,FlawlessFlatbreads,EarnestEspressos,6910877
2026-07-04T11:02:19.822105,2026-07-04T11:02:19.831255+00:00,144.4,3,ask,EarnestEspressos,Xuanyu Liu,6910882
2026-07-04T11:02:19.987186,2026-07-04T11:02:19.994061+00:00,144.4,46,ask,EarnestEspressos,CostlyCorianders,6910886
2026-07-04T11:02:21.542330,2026-07-04T11:02:21.554099+00:00,144.6,43,bid,CostlyCorianders,DiligentDonuts,6910913
2026-07-04T11:02:21.715470,2026-07-04T11:02:21.723699+00:00,144.6,50,bid,FlawlessFlatbreads,DiligentDonuts,6910919
2026-07-04T11:02:22.216593,2026-07-04T11:02:22.228136+00:00,144.6,7,bid,CostlyCorianders,DiligentDonuts,6910926
2026-07-04T11:02:22.216593,2026-07-04T11:02:22.228136+00:00,144.9,41,bid,CostlyCorianders,EarnestEspressos,6910927
2026-07-04T11:02:26.008227,2026-07-04T11:02:26.019770+00:00,144.7,50,ask,DiligentDonuts,FlawlessFlatbreads,6910986
2026-07-04T11:02:28.123341,2026-07-04T11:02:28.135410+00:00,144.7,50,ask,EarnestEspressos,FlawlessFlatbreads,6911015
2026-07-04T11:02:29.349897,2026-07-04T11:02:29.358605+00:00,145.1,46,bid,CostlyCorianders,EarnestEspressos,6911033
2026-07-04T11:02:33.070370,2026-07-04T11:02:33.082090+00:00,145.0,49,ask,EarnestEspressos,CostlyCorianders,6911080
2026-07-04T11:02:34.443871,2026-07-04T11:02:34.447882+00:00,145.0,50,ask,EarnestEspressos,FlawlessFlatbreads,6911098
2026-07-04T11:02:36.548893,2026-07-04T11:02:36.560971+00:00,144.9,50,ask,DiligentDonuts,FlawlessFlatbreads,6911127
2026-07-04T11:02:38.605460,2026-07-04T11:02:38.614531+00:00,145.2,50,bid,FlawlessFlatbreads,EarnestEspressos,6911145
2026-07-04T11:02:39.379722,2026-07-04T11:02:39.391289+00:00,144.8,46,ask,EarnestEspressos,CostlyCorianders,6911160
2026-07-04T11:02:40.774732,2026-07-04T11:02:40.786875+00:00,144.8,50,ask,EarnestEspressos,FlawlessFlatbreads,6911175
2026-07-04T11:02:42.116068,2026-07-04T11:02:42.123251+00:00,144.8,45,bid,CostlyCorianders,EarnestEspressos,6911188
2026-07-04T11:02:42.884415,2026-07-04T11:02:42.893724+00:00,144.5,50,ask,DiligentDonuts,FlawlessFlatbreads,6911199
2026-07-04T11:02:43.207749,2026-07-04T11:02:43.219381+00:00,144.8,49,bid,CostlyCorianders,EarnestEspressos,6911202
2026-07-04T11:02:43.841046,2026-07-04T11:02:43.852871+00:00,144.5,46,ask,DiligentDonuts,CostlyCorianders,6911212
2026-07-04T11:02:44.259420,2026-07-04T11:02:44.267013+00:00,144.8,3,bid,Xuanyu Liu,EarnestEspressos,6911218
2026-07-04T11:02:44.806236,2026-07-04T11:02:44.817641+00:00,144.5,4,ask,DiligentDonuts,CostlyCorianders,6911224
2026-07-04T11:02:44.989843,2026-07-04T11:02:44.997833+00:00,144.3,50,ask,EarnestEspressos,FlawlessFlatbreads,6911228
2026-07-04T11:02:47.044682,2026-07-04T11:02:47.058585+00:00,144.8,50,bid,FlawlessFlatbreads,DiligentDonuts,6911247
2026-07-04T11:02:47.383996,2026-07-04T11:02:47.395985+00:00,144.8,40,bid,CostlyCorianders,DiligentDonuts,6911251
2026-07-04T11:02:47.883703,2026-07-04T11:02:47.895696+00:00,144.5,43,ask,EarnestEspressos,CostlyCorianders,6911255
2026-07-04T11:02:49.202018,2026-07-04T11:02:49.213599+00:00,144.5,50,ask,DiligentDonuts,FlawlessFlatbreads,6911269
2026-07-04T11:02:50.980612,2026-07-04T11:02:50.992275+00:00,144.8,44,bid,CostlyCorianders,EarnestEspressos,6911289
2026-07-04T11:02:51.311582,2026-07-04T11:02:51.320988+00:00,144.5,50,ask,DiligentDonuts,FlawlessFlatbreads,6911290
2026-07-04T11:02:51.928132,2026-07-04T11:02:51.939756+00:00,144.5,45,ask,EarnestEspressos,CostlyCorianders,6911301
2026-07-04T11:02:53.417951,2026-07-04T11:02:53.426000+00:00,144.5,50,ask,EarnestEspressos,FlawlessFlatbreads,6911324
2026-07-04T11:02:54.652836,2026-07-04T11:02:54.664490+00:00,144.2,100,ask,DiligentDonuts,EarnestEspressos,6911337
2026-07-04T11:02:54.665704,2026-07-04T11:02:54.674478+00:00,144.2,23,bid,Xuanyu Liu,EarnestEspressos,6911339
2026-07-04T11:02:54.729433,2026-07-04T11:02:54.738586+00:00,144.2,11,bid,Xuanyu Liu,EarnestEspressos,6911341
2026-07-04T11:02:55.525157,2026-07-04T11:02:55.536787+00:00,143.7,50,ask,EarnestEspressos,FlawlessFlatbreads,6911351
2026-07-04T11:02:56.041595,2026-07-04T11:02:56.049707+00:00,144.2,12,bid,Xuanyu Liu,EarnestEspressos,6911365
2026-07-04T11:02:57.174675,2026-07-04T11:02:57.182357+00:00,144.2,4,bid,CostlyCorianders,EarnestEspressos,6911381
2026-07-04T11:02:57.174675,2026-07-04T11:02:57.187765+00:00,144.2,45,bid,CostlyCorianders,DiligentDonuts,6911382
2026-07-04T11:02:57.581846,2026-07-04T11:02:57.593558+00:00,144.2,50,bid,FlawlessFlatbreads,DiligentDonuts,6911386
2026-07-04T11:02:57.777242,2026-07-04T11:02:57.789079+00:00,144.2,5,bid,EarnestEspressos,DiligentDonuts,6911389
2026-07-04T11:03:01.277435,2026-07-04T11:03:01.285453+00:00,144.3,12,ask,EarnestEspressos,Xuanyu Liu,6911439
2026-07-04T11:03:01.847393,2026-07-04T11:03:01.858553+00:00,144.3,50,ask,EarnestEspressos,FlawlessFlatbreads,6911447
2026-07-04T11:03:03.902762,2026-07-04T11:03:03.914342+00:00,144.5,50,bid,FlawlessFlatbreads,DiligentDonuts,6911474
2026-07-04T11:03:04.564529,2026-07-04T11:03:04.576400+00:00,144.4,48,bid,CostlyCorianders,EarnestEspressos,6911479
2026-07-04T11:03:06.010720,2026-07-04T11:03:06.022425+00:00,144.4,50,bid,FlawlessFlatbreads,EarnestEspressos,6911503
2026-07-04T11:03:08.049075,2026-07-04T11:03:08.063764+00:00,144.4,42,ask,EarnestEspressos,CostlyCorianders,6911530
2026-07-04T11:03:08.118945,2026-07-04T11:03:08.131040+00:00,144.6,50,bid,FlawlessFlatbreads,DiligentDonuts,6911533
2026-07-04T11:03:09.100400,2026-07-04T11:03:09.112092+00:00,144.4,40,ask,EarnestEspressos,CostlyCorianders,6911542
2026-07-04T11:03:09.663912,2026-07-04T11:03:09.675551+00:00,144.6,40,bid,CostlyCorianders,DiligentDonuts,6911549
2026-07-04T11:03:10.227929,2026-07-04T11:03:10.239656+00:00,144.6,10,bid,FlawlessFlatbreads,DiligentDonuts,6911556
2026-07-04T11:03:10.227929,2026-07-04T11:03:10.239656+00:00,144.9,40,bid,FlawlessFlatbreads,EarnestEspressos,6911557
2026-07-04T11:03:10.620018,2026-07-04T11:03:10.628444+00:00,144.6,11,ask,DiligentDonuts,Xuanyu Liu,6911562
2026-07-04T11:03:12.339842,2026-07-04T11:03:12.351677+00:00,144.9,50,bid,FlawlessFlatbreads,EarnestEspressos,6911579
2026-07-04T11:03:14.449680,2026-07-04T11:03:14.463663+00:00,145.2,50,bid,FlawlessFlatbreads,DiligentDonuts,6911605
2026-07-04T11:03:14.452955,2026-07-04T11:03:14.463663+00:00,144.8,12,ask,EarnestEspressos,Xuanyu Liu,6911606
2026-07-04T11:03:14.815088,2026-07-04T11:03:14.824843+00:00,144.8,42,ask,EarnestEspressos,CostlyCorianders,6911610
2026-07-04T11:03:15.845847,2026-07-04T11:03:15.849551+00:00,145.2,41,bid,CostlyCorianders,DiligentDonuts,6911616
2026-07-04T11:03:16.347644,2026-07-04T11:03:16.355615+00:00,144.8,49,ask,EarnestEspressos,CostlyCorianders,6911627
2026-07-04T11:03:16.930971,2026-07-04T11:03:16.942604+00:00,144.9,100,bid,DiligentDonuts,EarnestEspressos,6911634
2026-07-04T11:03:17.987571,2026-07-04T11:03:17.998100+00:00,144.9,48,bid,CostlyCorianders,EarnestEspressos,6911648
2026-07-04T11:03:18.710277,2026-07-04T11:03:18.722088+00:00,144.4,50,ask,EarnestEspressos,FlawlessFlatbreads,6911657
2026-07-04T11:03:20.073077,2026-07-04T11:03:20.084699+00:00,144.9,43,ask,EarnestEspressos,CostlyCorianders,6911673
2026-07-04T11:03:20.819954,2026-07-04T11:03:20.832788+00:00,144.9,50,ask,EarnestEspressos,FlawlessFlatbreads,6911682
2026-07-04T11:03:22.278011,2026-07-04T11:03:22.289692+00:00,144.9,42,ask,EarnestEspressos,CostlyCorianders,6911699
2026-07-04T11:03:22.927979,2026-07-04T11:03:22.938461+00:00,144.9,15,ask,EarnestEspressos,FlawlessFlatbreads,6911701
2026-07-04T11:03:22.927979,2026-07-04T11:03:22.938461+00:00,144.9,35,ask,DiligentDonuts,FlawlessFlatbreads,6911702
2026-07-04T11:03:23.182407,2026-07-04T11:03:23.194079+00:00,144.9,65,ask,DiligentDonuts,EarnestEspressos,6911705
2026-07-04T11:03:23.560058,2026-07-04T11:03:23.567377+00:00,144.6,12,bid,Xuanyu Liu,EarnestEspressos,6911717
2026-07-04T11:03:24.879292,2026-07-04T11:03:24.887326+00:00,144.6,23,bid,Xuanyu Liu,EarnestEspressos,6911735
2026-07-04T11:03:25.036858,2026-07-04T11:03:25.048480+00:00,144.3,50,ask,DiligentDonuts,FlawlessFlatbreads,6911739
2026-07-04T11:03:27.143764,2026-07-04T11:03:27.148499+00:00,144.4,50,ask,EarnestEspressos,FlawlessFlatbreads,6911768
2026-07-04T11:03:28.918773,2026-07-04T11:03:28.930372+00:00,144.6,47,bid,CostlyCorianders,DiligentDonuts,6911786
2026-07-04T11:03:29.199250,2026-07-04T11:03:29.205810+00:00,144.6,50,bid,FlawlessFlatbreads,DiligentDonuts,6911789
2026-07-04T11:03:30.018368,2026-07-04T11:03:30.030331+00:00,144.7,49,bid,CostlyCorianders,EarnestEspressos,6911802
2026-07-04T11:03:30.647833,2026-07-04T11:03:30.658578+00:00,144.4,44,ask,DiligentDonuts,CostlyCorianders,6911807
2026-07-04T11:03:31.331048,2026-07-04T11:03:31.338018+00:00,144.7,50,bid,FlawlessFlatbreads,EarnestEspressos,6911823
2026-07-04T11:03:32.736684,2026-07-04T11:03:32.745348+00:00,144.5,23,ask,EarnestEspressos,Xuanyu Liu,6911833
2026-07-04T11:03:33.439905,2026-07-04T11:03:33.458596+00:00,144.7,50,bid,FlawlessFlatbreads,DiligentDonuts,6911846
2026-07-04T11:03:35.359445,2026-07-04T11:03:35.368459+00:00,144.5,12,ask,EarnestEspressos,Xuanyu Liu,6911878
2026-07-04T11:03:35.553667,2026-07-04T11:03:35.557731+00:00,144.7,50,bid,FlawlessFlatbreads,DiligentDonuts,6911882
2026-07-04T11:03:36.643687,2026-07-04T11:03:36.658593+00:00,144.3,42,ask,DiligentDonuts,CostlyCorianders,6911890
2026-07-04T11:03:44.046466,2026-07-04T11:03:44.058581+00:00,144.3,50,ask,EarnestEspressos,FlawlessFlatbreads,6911969
2026-07-04T11:03:44.700190,2026-07-04T11:03:44.711440+00:00,144.7,44,bid,CostlyCorianders,DiligentDonuts,6911977
2026-07-04T11:03:46.152038,2026-07-04T11:03:46.152972+00:00,144.3,50,ask,DiligentDonuts,FlawlessFlatbreads,6911996
2026-07-04T11:03:48.258470,2026-07-04T11:03:48.270188+00:00,144.3,50,ask,DiligentDonuts,FlawlessFlatbreads,6912019
2026-07-04T11:03:50.614616,2026-07-04T11:03:50.625256+00:00,144.3,46,bid,CostlyCorianders,EarnestEspressos,6912053
2026-07-04T11:03:52.261424,2026-07-04T11:03:52.273154+00:00,144.0,42,ask,EarnestEspressos,CostlyCorianders,6912076
2026-07-04T11:03:52.421110,2026-07-04T11:03:52.432467+00:00,144.3,50,bid,FlawlessFlatbreads,DiligentDonuts,6912079
2026-07-04T11:03:55.911798,2026-07-04T11:03:55.923602+00:00,144.0,43,ask,DiligentDonuts,CostlyCorianders,6912122
2026-07-04T11:03:56.705990,2026-07-04T11:03:56.717814+00:00,144.0,50,ask,DiligentDonuts,FlawlessFlatbreads,6912134
2026-07-04T11:03:57.155254,2026-07-04T11:03:57.166938+00:00,144.4,41,bid,CostlyCorianders,EarnestEspressos,6912137
2026-07-04T11:03:57.660835,2026-07-04T11:03:57.672437+00:00,144.0,7,ask,DiligentDonuts,CostlyCorianders,6912144
2026-07-04T11:03:58.813410,2026-07-04T11:03:58.825149+00:00,144.2,50,ask,EarnestEspressos,FlawlessFlatbreads,6912161
2026-07-04T11:03:59.648064,2026-07-04T11:03:59.654804+00:00,144.4,48,bid,CostlyCorianders,DiligentDonuts,6912169
2026-07-04T11:04:00.176669,2026-07-04T11:04:00.188361+00:00,144.2,47,ask,EarnestEspressos,CostlyCorianders,6912178
2026-07-04T11:04:01.696101,2026-07-04T11:04:01.707683+00:00,143.7,45,ask,DiligentDonuts,CostlyCorianders,6912200
2026-07-04T11:04:04.290816,2026-07-04T11:04:04.301202+00:00,143.9,23,bid,Xuanyu Liu,EarnestEspressos,6912235
2026-07-04T11:04:04.520586,2026-07-04T11:04:04.532005+00:00,143.9,47,bid,CostlyCorianders,EarnestEspressos,6912240
2026-07-04T11:04:05.037718,2026-07-04T11:04:05.049345+00:00,143.9,47,bid,CostlyCorianders,EarnestEspressos,6912250
2026-07-04T11:04:05.075282,2026-07-04T11:04:05.087047+00:00,143.9,33,bid,FlawlessFlatbreads,EarnestEspressos,6912253
2026-07-04T11:04:05.075282,2026-07-04T11:04:05.087047+00:00,144.1,17,bid,FlawlessFlatbreads,DiligentDonuts,6912254
2026-07-04T11:04:07.184209,2026-07-04T11:04:07.196563+00:00,144.1,50,bid,FlawlessFlatbreads,DiligentDonuts,6912275
2026-07-04T11:04:07.387773,2026-07-04T11:04:07.399353+00:00,144.1,33,bid,EarnestEspressos,DiligentDonuts,6912280
2026-07-04T11:04:07.459723,2026-07-04T11:04:07.468021+00:00,144.3,11,ask,EarnestEspressos,Xuanyu Liu,6912282
2026-07-04T11:04:07.647829,2026-07-04T11:04:07.656092+00:00,144.3,12,ask,EarnestEspressos,Xuanyu Liu,6912286
2026-07-04T11:04:08.860630,2026-07-04T11:04:08.870893+00:00,144.3,11,ask,EarnestEspressos,Xuanyu Liu,6912296
2026-07-04T11:04:09.292470,2026-07-04T11:04:09.304017+00:00,144.5,50,bid,FlawlessFlatbreads,DiligentDonuts,6912307
2026-07-04T11:04:09.475527,2026-07-04T11:04:09.484524+00:00,144.3,3,ask,EarnestEspressos,Xuanyu Liu,6912310
2026-07-04T11:04:11.398521,2026-07-04T11:04:11.410118+00:00,144.2,50,bid,FlawlessFlatbreads,EarnestEspressos,6912346
2026-07-04T11:04:12.088605,2026-07-04T11:04:12.096830+00:00,144.2,3,bid,Xuanyu Liu,EarnestEspressos,6912359
2026-07-04T11:04:13.507707,2026-07-04T11:04:13.515678+00:00,144.2,50,bid,FlawlessFlatbreads,EarnestEspressos,6912386
2026-07-04T11:04:15.614239,2026-07-04T11:04:15.623503+00:00,144.2,50,bid,FlawlessFlatbreads,DiligentDonuts,6912418
2026-07-04T11:04:16.018230,2026-07-04T11:04:16.026153+00:00,144.0,3,ask,EarnestEspressos,Xuanyu Liu,6912426
2026-07-04T11:04:17.987556,2026-07-04T11:04:17.999373+00:00,143.8,40,ask,EarnestEspressos,CostlyCorianders,6912457
2026-07-04T11:04:19.876548,2026-07-04T11:04:19.888102+00:00,143.8,50,ask,EarnestEspressos,FlawlessFlatbreads,6912482
2026-07-04T11:04:23.902802,2026-07-04T11:04:23.909981+00:00,143.8,45,ask,DiligentDonuts,CostlyCorianders,6912535
2026-07-04T11:04:24.040427,2026-07-04T11:04:24.051932+00:00,144.0,50,bid,FlawlessFlatbreads,EarnestEspressos,6912539
2026-07-04T11:04:24.530250,2026-07-04T11:04:24.541891+00:00,144.0,42,bid,CostlyCorianders,EarnestEspressos,6912543
2026-07-04T11:04:26.145532,2026-07-04T11:04:26.158591+00:00,144.0,50,bid,FlawlessFlatbreads,EarnestEspressos,6912563
2026-07-04T11:04:28.255466,2026-07-04T11:04:28.267189+00:00,144.3,50,bid,FlawlessFlatbreads,DiligentDonuts,6912590
2026-07-04T11:04:29.128001,2026-07-04T11:04:29.136312+00:00,144.1,3,ask,EarnestEspressos,Xuanyu Liu,6912605
2026-07-04T11:04:30.362931,2026-07-04T11:04:30.374565+00:00,144.1,50,bid,FlawlessFlatbreads,DiligentDonuts,6912623
2026-07-04T11:04:30.723820,2026-07-04T11:04:30.731723+00:00,144.1,3,bid,Xuanyu Liu,DiligentDonuts,6912636
2026-07-04T11:04:31.809132,2026-07-04T11:04:31.820732+00:00,143.8,44,ask,EarnestEspressos,CostlyCorianders,6912644
2026-07-04T11:04:32.533802,2026-07-04T11:04:32.540468+00:00,143.8,50,ask,EarnestEspressos,FlawlessFlatbreads,6912650
2026-07-04T11:04:33.462565,2026-07-04T11:04:33.471549+00:00,144.1,44,bid,CostlyCorianders,EarnestEspressos,6912663
2026-07-04T11:04:34.545794,2026-07-04T11:04:34.558572+00:00,143.9,49,ask,DiligentDonuts,CostlyCorianders,6912677
2026-07-04T11:04:34.589945,2026-07-04T11:04:34.601945+00:00,144.1,50,bid,FlawlessFlatbreads,EarnestEspressos,6912678
2026-07-04T11:04:35.554212,2026-07-04T11:04:35.564780+00:00,143.9,42,ask,DiligentDonuts,CostlyCorianders,6912688
2026-07-04T11:04:36.022602,2026-07-04T11:04:36.034364+00:00,144.5,43,bid,CostlyCorianders,EarnestEspressos,6912694
2026-07-04T11:04:36.751958,2026-07-04T11:04:36.755381+00:00,144.0,50,ask,EarnestEspressos,FlawlessFlatbreads,6912701
2026-07-04T11:04:37.082175,2026-07-04T11:04:37.093818+00:00,144.1,44,bid,CostlyCorianders,DiligentDonuts,6912704
2026-07-04T11:04:38.860179,2026-07-04T11:04:38.872146+00:00,144.0,50,ask,EarnestEspressos,FlawlessFlatbreads,6912738
2026-07-04T11:04:39.464597,2026-07-04T11:04:39.476385+00:00,143.8,44,ask,EarnestEspressos,CostlyCorianders,6912747
2026-07-04T11:04:40.983371,2026-07-04T11:04:40.995091+00:00,143.8,50,ask,EarnestEspressos,FlawlessFlatbreads,6912768
2026-07-04T11:04:41.974221,2026-07-04T11:04:41.981852+00:00,144.3,42,bid,CostlyCorianders,EarnestEspressos,6912781
2026-07-04T11:04:43.038145,2026-07-04T11:04:43.050048+00:00,143.9,50,bid,FlawlessFlatbreads,EarnestEspressos,6912791
2026-07-04T11:04:45.196843,2026-07-04T11:04:45.208262+00:00,143.6,50,ask,DiligentDonuts,FlawlessFlatbreads,6912818
2026-07-04T11:04:46.036422,2026-07-04T11:04:46.048488+00:00,143.6,46,ask,EarnestEspressos,CostlyCorianders,6912835
2026-07-04T11:04:48.605709,2026-07-04T11:04:48.617191+00:00,143.7,45,bid,CostlyCorianders,EarnestEspressos,6912862
2026-07-04T11:04:49.093583,2026-07-04T11:04:49.105668+00:00,143.7,45,bid,CostlyCorianders,EarnestEspressos,6912866
2026-07-04T11:04:49.148865,2026-07-04T11:04:49.158572+00:00,143.4,49,ask,DiligentDonuts,CostlyCorianders,6912868
2026-07-04T11:04:49.358599,2026-07-04T11:04:49.370737+00:00,143.7,50,bid,FlawlessFlatbreads,EarnestEspressos,6912870
2026-07-04T11:04:50.211919,2026-07-04T11:04:50.219059+00:00,143.7,10,bid,CostlyCorianders,EarnestEspressos,6912883
2026-07-04T11:04:50.211919,2026-07-04T11:04:50.224503+00:00,143.9,33,bid,CostlyCorianders,DiligentDonuts,6912884
2026-07-04T11:04:51.576862,2026-07-04T11:04:51.585539+00:00,143.4,47,ask,DiligentDonuts,CostlyCorianders,6912901
2026-07-04T11:04:51.970142,2026-07-04T11:04:51.981455+00:00,143.6,100,ask,EarnestEspressos,DiligentDonuts,6912907
2026-07-04T11:04:55.697625,2026-07-04T11:04:55.704570+00:00,143.5,50,bid,FlawlessFlatbreads,EarnestEspressos,6912962
2026-07-04T11:04:57.804518,2026-07-04T11:04:57.812957+00:00,143.5,50,bid,FlawlessFlatbreads,EarnestEspressos,6912998
2026-07-04T11:04:58.973078,2026-07-04T11:04:58.981020+00:00,143.5,46,bid,CostlyCorianders,DiligentDonuts,6913012
2026-07-04T11:04:59.936414,2026-07-04T11:04:59.947934+00:00,143.5,50,bid,FlawlessFlatbreads,DiligentDonuts,6913028
2026-07-04T11:05:01.176867,2026-07-04T11:05:01.188450+00:00,143.5,4,bid,EarnestEspressos,DiligentDonuts,6913039
2026-07-04T11:05:02.094902,2026-07-04T11:05:02.106716+00:00,143.5,50,ask,EarnestEspressos,FlawlessFlatbreads,6913051
2026-07-04T11:05:02.929301,2026-07-04T11:05:02.936019+00:00,143.5,46,ask,EarnestEspressos,CostlyCorianders,6913063
2026-07-04T11:05:04.548508,2026-07-04T11:05:04.557509+00:00,143.8,45,bid,CostlyCorianders,EarnestEspressos,6913081
2026-07-04T11:05:06.100864,2026-07-04T11:05:06.112229+00:00,143.7,47,ask,DiligentDonuts,CostlyCorianders,6913102
2026-07-04T11:05:06.254578,2026-07-04T11:05:06.266395+00:00,143.8,50,bid,FlawlessFlatbreads,EarnestEspressos,6913105
2026-07-04T11:05:07.189268,2026-07-04T11:05:07.199362+00:00,143.8,48,bid,CostlyCorianders,EarnestEspressos,6913114
2026-07-04T11:05:08.416197,2026-07-04T11:05:08.427976+00:00,143.9,50,ask,EarnestEspressos,FlawlessFlatbreads,6913131
2026-07-04T11:05:10.523735,2026-07-04T11:05:10.535672+00:00,143.9,50,ask,EarnestEspressos,FlawlessFlatbreads,6913157
2026-07-04T11:05:12.630560,2026-07-04T11:05:12.641953+00:00,143.6,50,ask,DiligentDonuts,FlawlessFlatbreads,6913190
2026-07-04T11:05:13.415574,2026-07-04T11:05:13.427171+00:00,143.6,40,ask,DiligentDonuts,CostlyCorianders,6913194
2026-07-04T11:05:14.686039,2026-07-04T11:05:14.692799+00:00,143.9,50,bid,FlawlessFlatbreads,DiligentDonuts,6913209
2026-07-04T11:05:16.794758,2026-07-04T11:05:16.806390+00:00,143.9,50,bid,FlawlessFlatbreads,DiligentDonuts,6913238
2026-07-04T11:05:18.902484,2026-07-04T11:05:18.914453+00:00,143.8,50,bid,FlawlessFlatbreads,EarnestEspressos,6913262
2026-07-04T11:05:19.072827,2026-07-04T11:05:19.080904+00:00,143.5,43,ask,DiligentDonuts,CostlyCorianders,6913269
2026-07-04T11:05:19.583502,2026-07-04T11:05:19.595347+00:00,143.5,47,ask,DiligentDonuts,CostlyCorianders,6913278
2026-07-04T11:05:20.043013,2026-07-04T11:05:20.054560+00:00,143.8,45,bid,CostlyCorianders,EarnestEspressos,6913293
2026-07-04T11:05:21.017727,2026-07-04T11:05:21.027729+00:00,144.0,50,bid,FlawlessFlatbreads,DiligentDonuts,6913313
2026-07-04T11:05:22.379370,2026-07-04T11:05:22.390897+00:00,143.8,41,ask,EarnestEspressos,CostlyCorianders,6913326
2026-07-04T11:05:23.123856,2026-07-04T11:05:23.135603+00:00,144.0,50,bid,FlawlessFlatbreads,DiligentDonuts,6913334
2026-07-04T11:05:25.229337,2026-07-04T11:05:25.243368+00:00,144.5,50,bid,FlawlessFlatbreads,EarnestEspressos,6913368
2026-07-04T11:05:25.382715,2026-07-04T11:05:25.392293+00:00,144.5,40,bid,CostlyCorianders,EarnestEspressos,6913373
2026-07-04T11:05:25.905716,2026-07-04T11:05:25.917634+00:00,144.5,47,bid,CostlyCorianders,EarnestEspressos,6913375
2026-07-04T11:05:25.961008,2026-07-04T11:05:25.972684+00:00,144.0,47,ask,EarnestEspressos,CostlyCorianders,6913376
2026-07-04T11:05:26.501653,2026-07-04T11:05:26.515957+00:00,144.4,150,ask,EarnestEspressos,Chester Au,6913383
2026-07-04T11:05:27.141709,2026-07-04T11:05:27.158585+00:00,144.5,41,bid,CostlyCorianders,DiligentDonuts,6913393
2026-07-04T11:05:27.385501,2026-07-04T11:05:27.397385+00:00,144.0,50,ask,DiligentDonuts,FlawlessFlatbreads,6913394
2026-07-04T11:05:29.037189,2026-07-04T11:05:29.049240+00:00,144.5,44,bid,CostlyCorianders,DiligentDonuts,6913413
2026-07-04T11:05:29.093360,2026-07-04T11:05:29.105329+00:00,144.0,9,ask,DiligentDonuts,CostlyCorianders,6913414
2026-07-04T11:05:29.441191,2026-07-04T11:05:29.458567+00:00,144.5,15,bid,FlawlessFlatbreads,DiligentDonuts,6913420
2026-07-04T11:05:32.070850,2026-07-04T11:05:32.082344+00:00,143.8,44,ask,DiligentDonuts,CostlyCorianders,6913449
2026-07-04T11:05:33.705580,2026-07-04T11:05:33.714303+00:00,143.8,50,ask,DiligentDonuts,FlawlessFlatbreads,6913473
2026-07-04T11:05:35.813399,2026-07-04T11:05:35.825051+00:00,143.8,50,ask,DiligentDonuts,FlawlessFlatbreads,6913506
2026-07-04T11:05:36.139727,2026-07-04T11:05:36.150278+00:00,144.3,47,bid,CostlyCorianders,EarnestEspressos,6913519
2026-07-04T11:05:36.623141,2026-07-04T11:05:36.631845+00:00,143.9,43,bid,CostlyCorianders,DiligentDonuts,6913523
2026-07-04T11:05:36.676804,2026-07-04T11:05:36.684020+00:00,143.8,45,ask,EarnestEspressos,CostlyCorianders,6913524
2026-07-04T11:05:37.920401,2026-07-04T11:05:37.932037+00:00,143.8,50,ask,EarnestEspressos,FlawlessFlatbreads,6913547
2026-07-04T11:05:40.028192,2026-07-04T11:05:40.040189+00:00,143.6,50,ask,DiligentDonuts,FlawlessFlatbreads,6913562
2026-07-04T11:05:41.465170,2026-07-04T11:05:41.474189+00:00,144.0,150,bid,Chester Au,EarnestEspressos,6913580
2026-07-04T11:05:42.136199,2026-07-04T11:05:42.147965+00:00,143.6,50,ask,DiligentDonuts,FlawlessFlatbreads,6913587
2026-07-04T11:05:42.311023,2026-07-04T11:05:42.322521+00:00,144.1,100,bid,EarnestEspressos,DiligentDonuts,6913592
2026-07-04T11:05:42.560092,2026-07-04T11:05:42.572066+00:00,144.6,50,ask,EarnestEspressos,DiligentDonuts,6913596
2026-07-04T11:05:44.245847,2026-07-04T11:05:44.258622+00:00,144.1,50,ask,DiligentDonuts,FlawlessFlatbreads,6913619
2026-07-04T11:05:44.615340,2026-07-04T11:05:44.627223+00:00,144.1,40,ask,DiligentDonuts,CostlyCorianders,6913628
2026-07-04T11:05:46.385187,2026-07-04T11:05:46.396765+00:00,143.8,50,ask,EarnestEspressos,FlawlessFlatbreads,6913662
2026-07-04T11:05:46.759674,2026-07-04T11:05:46.766299+00:00,144.3,44,bid,CostlyCorianders,EarnestEspressos,6913663
2026-07-04T11:05:48.491659,2026-07-04T11:05:48.503401+00:00,143.8,50,ask,EarnestEspressos,FlawlessFlatbreads,6913689
2026-07-04T11:05:49.943239,2026-07-04T11:05:49.958553+00:00,143.8,40,ask,DiligentDonuts,CostlyCorianders,6913711
2026-07-04T11:05:50.470832,2026-07-04T11:05:50.478755+00:00,144.1,14,bid,Xuanyu Liu,EarnestEspressos,6913723
2026-07-04T11:05:50.622871,2026-07-04T11:05:50.634469+00:00,143.8,50,ask,DiligentDonuts,FlawlessFlatbreads,6913727
2026-07-04T11:05:52.731338,2026-07-04T11:05:52.739639+00:00,143.8,50,ask,EarnestEspressos,FlawlessFlatbreads,6913755
2026-07-04T11:05:52.977109,2026-07-04T11:05:52.984658+00:00,144.1,47,bid,CostlyCorianders,DiligentDonuts,6913761
2026-07-04T11:05:54.852416,2026-07-04T11:05:54.864059+00:00,143.8,50,ask,EarnestEspressos,FlawlessFlatbreads,6913783
2026-07-04T11:05:55.060423,2026-07-04T11:05:55.069164+00:00,143.8,12,bid,Xuanyu Liu,EarnestEspressos,6913786
2026-07-04T11:05:56.482355,2026-07-04T11:05:56.494701+00:00,143.7,43,ask,DiligentDonuts,CostlyCorianders,6913800
2026-07-04T11:05:56.961520,2026-07-04T11:05:56.972979+00:00,143.7,50,ask,DiligentDonuts,FlawlessFlatbreads,6913813
2026-07-04T11:05:57.070885,2026-07-04T11:05:57.082710+00:00,143.8,42,bid,CostlyCorianders,EarnestEspressos,6913814
2026-07-04T11:05:58.798941,2026-07-04T11:05:58.810493+00:00,143.9,42,bid,CostlyCorianders,DiligentDonuts,6913838
2026-07-04T11:05:59.035849,2026-07-04T11:05:59.042232+00:00,143.9,50,bid,FlawlessFlatbreads,DiligentDonuts,6913843
2026-07-04T11:06:00.939290,2026-07-04T11:06:00.951050+00:00,143.5,43,ask,EarnestEspressos,CostlyCorianders,6913871
2026-07-04T11:06:01.144691,2026-07-04T11:06:01.156438+00:00,143.9,8,bid,FlawlessFlatbreads,DiligentDonuts,6913872
2026-07-04T11:06:01.144691,2026-07-04T11:06:01.156438+00:00,144.0,42,bid,FlawlessFlatbreads,EarnestEspressos,6913873
2026-07-04T11:06:01.558565,2026-07-04T11:06:01.570194+00:00,143.9,47,bid,CostlyCorianders,EarnestEspressos,6913875
2026-07-04T11:06:03.336838,2026-07-04T11:06:03.348481+00:00,143.7,50,ask,DiligentDonuts,FlawlessFlatbreads,6913899
2026-07-04T11:06:05.443040,2026-07-04T11:06:05.458579+00:00,143.8,50,ask,EarnestEspressos,FlawlessFlatbreads,6913928
2026-07-04T11:06:07.552621,2026-07-04T11:06:07.564365+00:00,143.8,50,ask,EarnestEspressos,FlawlessFlatbreads,6913955
2026-07-04T11:06:09.660841,2026-07-04T11:06:09.671179+00:00,143.7,50,ask,DiligentDonuts,FlawlessFlatbreads,6913973
2026-07-04T11:06:10.884743,2026-07-04T11:06:10.895710+00:00,143.9,11,bid,Xuanyu Liu,EarnestEspressos,6913989
2026-07-04T11:06:11.146038,2026-07-04T11:06:11.154271+00:00,143.9,42,bid,CostlyCorianders,EarnestEspressos,6914001
2026-07-04T11:06:11.715968,2026-07-04T11:06:11.727833+00:00,143.9,50,bid,FlawlessFlatbreads,EarnestEspressos,6914010
2026-07-04T11:06:11.772996,2026-07-04T11:06:11.784829+00:00,143.6,41,ask,DiligentDonuts,CostlyCorianders,6914012
2026-07-04T11:06:12.259657,2026-07-04T11:06:12.271494+00:00,143.6,40,ask,DiligentDonuts,CostlyCorianders,6914019
2026-07-04T11:06:12.759687,2026-07-04T11:06:12.768242+00:00,143.9,12,bid,Xuanyu Liu,EarnestEspressos,6914030
2026-07-04T11:06:13.823424,2026-07-04T11:06:13.833427+00:00,143.9,35,bid,FlawlessFlatbreads,EarnestEspressos,6914040
2026-07-04T11:06:13.823424,2026-07-04T11:06:13.833427+00:00,144.1,15,bid,FlawlessFlatbreads,DiligentDonuts,6914041
2026-07-04T11:06:13.980070,2026-07-04T11:06:13.991729+00:00,144.1,85,bid,EarnestEspressos,DiligentDonuts,6914043
2026-07-04T11:06:14.047647,2026-07-04T11:06:14.059668+00:00,144.1,12,ask,EarnestEspressos,Xuanyu Liu,6914045
2026-07-04T11:06:15.172331,2026-07-04T11:06:15.184089+00:00,144.4,49,bid,CostlyCorianders,DiligentDonuts,6914062
2026-07-04T11:06:15.729009,2026-07-04T11:06:15.740234+00:00,144.1,46,ask,EarnestEspressos,CostlyCorianders,6914072
2026-07-04T11:06:15.930716,2026-07-04T11:06:15.942902+00:00,144.4,50,bid,FlawlessFlatbreads,DiligentDonuts,6914074
2026-07-04T11:06:17.321661,2026-07-04T11:06:17.333209+00:00,144.1,100,bid,DiligentDonuts,EarnestEspressos,6914089
2026-07-04T11:06:17.333267,2026-07-04T11:06:17.344998+00:00,144.1,41,bid,CostlyCorianders,EarnestEspressos,6914090
2026-07-04T11:06:18.046087,2026-07-04T11:06:18.058616+00:00,144.1,9,bid,FlawlessFlatbreads,EarnestEspressos,6914103
2026-07-04T11:06:18.046087,2026-07-04T11:06:18.058616+00:00,144.6,41,bid,FlawlessFlatbreads,DiligentDonuts,6914104
2026-07-04T11:06:19.749190,2026-07-04T11:06:19.755634+00:00,143.6,42,ask,EarnestEspressos,CostlyCorianders,6914125
2026-07-04T11:06:20.154056,2026-07-04T11:06:20.165786+00:00,144.6,50,bid,FlawlessFlatbreads,DiligentDonuts,6914130
2026-07-04T11:06:22.290602,2026-07-04T11:06:22.302283+00:00,144.4,50,bid,FlawlessFlatbreads,EarnestEspressos,6914156
2026-07-04T11:06:24.545384,2026-07-04T11:06:24.553613+00:00,144.0,11,ask,EarnestEspressos,Xuanyu Liu,6914179
2026-07-04T11:06:25.890325,2026-07-04T11:06:25.898308+00:00,144.0,12,ask,EarnestEspressos,Xuanyu Liu,6914200
2026-07-04T11:06:26.562971,2026-07-04T11:06:26.574272+00:00,144.0,50,ask,EarnestEspressos,FlawlessFlatbreads,6914207
2026-07-04T11:06:28.067981,2026-07-04T11:06:28.079869+00:00,144.0,44,bid,CostlyCorianders,EarnestEspressos,6914233
2026-07-04T11:06:28.531702,2026-07-04T11:06:28.543545+00:00,143.6,40,ask,DiligentDonuts,CostlyCorianders,6914240
2026-07-04T11:06:28.669768,2026-07-04T11:06:28.681440+00:00,143.6,50,ask,DiligentDonuts,FlawlessFlatbreads,6914241
2026-07-04T11:06:30.008637,2026-07-04T11:06:30.017867+00:00,143.6,41,ask,EarnestEspressos,CostlyCorianders,6914257
2026-07-04T11:06:30.776513,2026-07-04T11:06:30.788320+00:00,143.6,50,ask,EarnestEspressos,FlawlessFlatbreads,6914269
2026-07-04T11:06:32.832311,2026-07-04T11:06:32.839585+00:00,143.9,50,bid,FlawlessFlatbreads,DiligentDonuts,6914295
2026-07-04T11:06:34.157562,2026-07-04T11:06:34.169022+00:00,143.9,49,bid,CostlyCorianders,EarnestEspressos,6914313
2026-07-04T11:06:34.231058,2026-07-04T11:06:34.239411+00:00,143.9,12,bid,Xuanyu Liu,EarnestEspressos,6914314
2026-07-04T11:06:34.988607,2026-07-04T11:06:35.000722+00:00,143.6,50,ask,DiligentDonuts,FlawlessFlatbreads,6914327
2026-07-04T11:06:35.279338,2026-07-04T11:06:35.291238+00:00,143.6,41,ask,DiligentDonuts,CostlyCorianders,6914330
2026-07-04T11:06:35.756356,2026-07-04T11:06:35.768206+00:00,143.9,48,bid,CostlyCorianders,EarnestEspressos,6914333
2026-07-04T11:06:36.370852,2026-07-04T11:06:36.377499+00:00,143.9,42,ask,EarnestEspressos,CostlyCorianders,6914344
2026-07-04T11:06:37.098806,2026-07-04T11:06:37.111783+00:00,143.9,8,ask,EarnestEspressos,FlawlessFlatbreads,6914351
2026-07-04T11:06:37.098806,2026-07-04T11:06:37.111783+00:00,143.4,42,ask,DiligentDonuts,FlawlessFlatbreads,6914352
2026-07-04T11:06:37.901745,2026-07-04T11:06:37.913318+00:00,144.4,45,bid,CostlyCorianders,EarnestEspressos,6914361
2026-07-04T11:06:39.206645,2026-07-04T11:06:39.218327+00:00,143.4,50,ask,DiligentDonuts,FlawlessFlatbreads,6914381
2026-07-04T11:06:40.430460,2026-07-04T11:06:40.442155+00:00,143.6,40,ask,EarnestEspressos,CostlyCorianders,6914391
2026-07-04T11:06:40.887324,2026-07-04T11:06:40.899162+00:00,144.0,42,bid,CostlyCorianders,DiligentDonuts,6914395
2026-07-04T11:06:41.318272,2026-07-04T11:06:41.329516+00:00,143.6,50,ask,EarnestEspressos,FlawlessFlatbreads,6914407
2026-07-04T11:06:42.518539,2026-07-04T11:06:42.527223+00:00,143.8,23,bid,Xuanyu Liu,EarnestEspressos,6914417
2026-07-04T11:06:43.078411,2026-07-04T11:06:43.092807+00:00,143.8,48,bid,CostlyCorianders,EarnestEspressos,6914428
2026-07-04T11:06:43.373727,2026-07-04T11:06:43.385473+00:00,143.8,50,bid,FlawlessFlatbreads,EarnestEspressos,6914433
2026-07-04T11:06:43.546879,2026-07-04T11:06:43.556756+00:00,143.7,43,ask,DiligentDonuts,CostlyCorianders,6914435
2026-07-04T11:06:44.461774,2026-07-04T11:06:44.469736+00:00,143.8,29,bid,CostlyCorianders,EarnestEspressos,6914453
2026-07-04T11:06:45.481544,2026-07-04T11:06:45.493446+00:00,144.2,50,bid,FlawlessFlatbreads,DiligentDonuts,6914460
2026-07-04T11:06:47.588351,2026-07-04T11:06:47.600089+00:00,144.1,50,bid,FlawlessFlatbreads,DiligentDonuts,6914487
2026-07-04T11:06:49.230413,2026-07-04T11:06:49.242546+00:00,143.8,47,ask,EarnestEspressos,CostlyCorianders,6914507
2026-07-04T11:06:49.730479,2026-07-04T11:06:49.742184+00:00,143.8,43,ask,EarnestEspressos,CostlyCorianders,6914511
2026-07-04T11:06:49.745984,2026-07-04T11:06:49.752358+00:00,143.8,50,ask,EarnestEspressos,FlawlessFlatbreads,6914512
2026-07-04T11:06:51.801953,2026-07-04T11:06:51.811664+00:00,144.2,50,bid,FlawlessFlatbreads,DiligentDonuts,6914540
2026-07-04T11:06:51.990829,2026-07-04T11:06:51.998817+00:00,143.7,100,ask,DiligentDonuts,EarnestEspressos,6914548
2026-07-04T11:06:53.964386,2026-07-04T11:06:53.973189+00:00,143.6,50,ask,DiligentDonuts,FlawlessFlatbreads,6914569
2026-07-04T11:06:56.071183,2026-07-04T11:06:56.082663+00:00,143.4,50,ask,EarnestEspressos,FlawlessFlatbreads,6914594
2026-07-04T11:06:58.458750,2026-07-04T11:06:58.468271+00:00,143.7,47,bid,CostlyCorianders,EarnestEspressos,6914626
2026-07-04T11:07:00.230573,2026-07-04T11:07:00.242155+00:00,143.7,50,bid,FlawlessFlatbreads,EarnestEspressos,6914654
2026-07-04T11:07:00.581290,2026-07-04T11:07:00.592886+00:00,143.2,43,ask,EarnestEspressos,CostlyCorianders,6914660
2026-07-04T11:07:01.233135,2026-07-04T11:07:01.244736+00:00,143.7,41,bid,CostlyCorianders,EarnestEspressos,6914666
2026-07-04T11:07:02.148892,2026-07-04T11:07:02.158553+00:00,143.4,41,ask,EarnestEspressos,CostlyCorianders,6914680
2026-07-04T11:07:02.388959,2026-07-04T11:07:02.400865+00:00,143.4,50,ask,EarnestEspressos,FlawlessFlatbreads,6914685
2026-07-04T11:07:04.497629,2026-07-04T11:07:04.507785+00:00,143.4,50,ask,EarnestEspressos,FlawlessFlatbreads,6914709
2026-07-04T11:07:05.737361,2026-07-04T11:07:05.746830+00:00,143.4,11,bid,Xuanyu Liu,EarnestEspressos,6914728
2026-07-04T11:07:06.553210,2026-07-04T11:07:06.564853+00:00,143.4,50,bid,FlawlessFlatbreads,EarnestEspressos,6914747
2026-07-04T11:07:07.721908,2026-07-04T11:07:07.733468+00:00,143.6,45,bid,CostlyCorianders,DiligentDonuts,6914757
2026-07-04T11:07:08.659992,2026-07-04T11:07:08.671495+00:00,143.7,50,bid,FlawlessFlatbreads,EarnestEspressos,6914769
2026-07-04T11:07:09.149475,2026-07-04T11:07:09.159250+00:00,143.3,23,ask,DiligentDonuts,Xuanyu Liu,6914785
2026-07-04T11:07:09.182606,2026-07-04T11:07:09.189777+00:00,143.3,41,ask,DiligentDonuts,CostlyCorianders,6914787
2026-07-04T11:07:09.742217,2026-07-04T11:07:09.750393+00:00,143.7,47,bid,CostlyCorianders,EarnestEspressos,6914794
2026-07-04T11:07:10.223554,2026-07-04T11:07:10.235307+00:00,143.3,36,ask,DiligentDonuts,CostlyCorianders,6914801
2026-07-04T11:07:10.223554,2026-07-04T11:07:10.235307+00:00,143.2,7,ask,EarnestEspressos,CostlyCorianders,6914802
2026-07-04T11:07:10.723382,2026-07-04T11:07:10.735531+00:00,143.2,41,ask,EarnestEspressos,CostlyCorianders,6914806
2026-07-04T11:07:10.821379,2026-07-04T11:07:10.833163+00:00,143.2,50,ask,EarnestEspressos,FlawlessFlatbreads,6914809
2026-07-04T11:07:12.879092,2026-07-04T11:07:12.890736+00:00,143.1,50,bid,FlawlessFlatbreads,DiligentDonuts,6914831
2026-07-04T11:07:13.315639,2026-07-04T11:07:13.322977+00:00,143.1,44,bid,CostlyCorianders,DiligentDonuts,6914840
2026-07-04T11:07:14.231487,2026-07-04T11:07:14.243279+00:00,143.1,6,bid,CostlyCorianders,DiligentDonuts,6914851
2026-07-04T11:07:14.231487,2026-07-04T11:07:14.243279+00:00,143.2,38,bid,CostlyCorianders,EarnestEspressos,6914852
2026-07-04T11:07:15.395967,2026-07-04T11:07:15.404660+00:00,142.9,48,ask,DiligentDonuts,CostlyCorianders,6914875
2026-07-04T11:07:17.128371,2026-07-04T11:07:17.137767+00:00,142.9,40,ask,DiligentDonuts,CostlyCorianders,6914900
2026-07-04T11:07:19.193326,2026-07-04T11:07:19.205213+00:00,142.9,50,bid,FlawlessFlatbreads,DiligentDonuts,6914932
2026-07-04T11:07:20.476005,2026-07-04T11:07:20.487764+00:00,142.9,46,bid,CostlyCorianders,DiligentDonuts,6914947
2026-07-04T11:07:21.300683,2026-07-04T11:07:21.310196+00:00,143.1,50,bid,FlawlessFlatbreads,EarnestEspressos,6914959
2026-07-04T11:07:23.574632,2026-07-04T11:07:23.582096+00:00,143.1,100,bid,EarnestEspressos,DiligentDonuts,6914993
2026-07-04T11:07:23.897101,2026-07-04T11:07:23.904494+00:00,143.1,43,ask,EarnestEspressos,CostlyCorianders,6914998
2026-07-04T11:07:24.521720,2026-07-04T11:07:24.532291+00:00,143.6,42,bid,CostlyCorianders,EarnestEspressos,6915003
2026-07-04T11:07:25.603281,2026-07-04T11:07:25.613407+00:00,143.1,7,ask,EarnestEspressos,FlawlessFlatbreads,6915016
2026-07-04T11:07:25.603281,2026-07-04T11:07:25.613407+00:00,143.1,43,ask,DiligentDonuts,FlawlessFlatbreads,6915017
2026-07-04T11:07:26.061491,2026-07-04T11:07:26.073223+00:00,143.6,40,bid,CostlyCorianders,EarnestEspressos,6915025
2026-07-04T11:07:26.115185,2026-07-04T11:07:26.122589+00:00,143.1,41,ask,DiligentDonuts,CostlyCorianders,6915027
2026-07-04T11:07:29.764281,2026-07-04T11:07:29.775713+00:00,143.3,50,bid,FlawlessFlatbreads,EarnestEspressos,6915075
2026-07-04T11:07:30.775345,2026-07-04T11:07:30.787166+00:00,142.9,41,bid,CostlyCorianders,DiligentDonuts,6915098
2026-07-04T11:07:31.893710,2026-07-04T11:07:31.905333+00:00,142.9,50,bid,FlawlessFlatbreads,DiligentDonuts,6915115
2026-07-04T11:07:34.000843,2026-07-04T11:07:34.012467+00:00,143.3,50,bid,FlawlessFlatbreads,EarnestEspressos,6915149
2026-07-04T11:07:36.108400,2026-07-04T11:07:36.120073+00:00,143.3,50,bid,FlawlessFlatbreads,EarnestEspressos,6915171
2026-07-04T11:07:36.257761,2026-07-04T11:07:36.271155+00:00,143.3,23,ask,EarnestEspressos,Xuanyu Liu,6915176
2026-07-04T11:07:37.068071,2026-07-04T11:07:37.080008+00:00,143.3,41,ask,EarnestEspressos,CostlyCorianders,6915194
2026-07-04T11:07:37.109282,2026-07-04T11:07:37.117229+00:00,143.3,11,ask,EarnestEspressos,Xuanyu Liu,6915195
2026-07-04T11:07:37.650391,2026-07-04T11:07:37.656920+00:00,143.3,42,ask,EarnestEspressos,CostlyCorianders,6915205
2026-07-04T11:07:43.158612,2026-07-04T11:07:43.170118+00:00,143.1,49,bid,CostlyCorianders,EarnestEspressos,6915279
2026-07-04T11:07:44.583862,2026-07-04T11:07:44.591654+00:00,142.8,50,ask,DiligentDonuts,FlawlessFlatbreads,6915303
2026-07-04T11:07:46.638715,2026-07-04T11:07:46.650308+00:00,142.9,50,bid,FlawlessFlatbreads,DiligentDonuts,6915331
2026-07-04T11:07:46.767111,2026-07-04T11:07:46.780346+00:00,142.6,49,ask,EarnestEspressos,CostlyCorianders,6915333
2026-07-04T11:07:48.795352,2026-07-04T11:07:48.806962+00:00,142.9,41,bid,CostlyCorianders,DiligentDonuts,6915352
2026-07-04T11:07:48.799995,2026-07-04T11:07:48.806962+00:00,142.6,50,ask,EarnestEspressos,FlawlessFlatbreads,6915353
2026-07-04T11:07:48.947350,2026-07-04T11:07:48.955789+00:00,142.6,11,bid,Xuanyu Liu,EarnestEspressos,6915355
2026-07-04T11:07:49.135695,2026-07-04T11:07:49.147527+00:00,142.6,100,bid,DiligentDonuts,EarnestEspressos,6915357
2026-07-04T11:07:49.311520,2026-07-04T11:07:49.321868+00:00,142.6,12,bid,Xuanyu Liu,EarnestEspressos,6915363
2026-07-04T11:07:50.856359,2026-07-04T11:07:50.869020+00:00,142.6,27,bid,FlawlessFlatbreads,EarnestEspressos,6915390
2026-07-04T11:07:50.856359,2026-07-04T11:07:50.869020+00:00,143.1,23,bid,FlawlessFlatbreads,DiligentDonuts,6915391
2026-07-04T11:07:52.459666,2026-07-04T11:07:52.468667+00:00,142.9,26,ask,EarnestEspressos,Xuanyu Liu,6915415
2026-07-04T11:07:53.015142,2026-07-04T11:07:53.026618+00:00,142.9,50,ask,EarnestEspressos,FlawlessFlatbreads,6915424
2026-07-04T11:07:54.955109,2026-07-04T11:07:54.966582+00:00,143.0,46,bid,CostlyCorianders,DiligentDonuts,6915452
2026-07-04T11:07:55.120545,2026-07-04T11:07:55.132404+00:00,142.9,29,ask,EarnestEspressos,FlawlessFlatbreads,6915454
2026-07-04T11:07:55.120545,2026-07-04T11:07:55.132404+00:00,142.5,21,ask,DiligentDonuts,FlawlessFlatbreads,6915455
2026-07-04T11:07:55.267669,2026-07-04T11:07:55.274978+00:00,142.6,14,bid,Xuanyu Liu,EarnestEspressos,6915458
2026-07-04T11:07:57.228802,2026-07-04T11:07:57.240817+00:00,142.4,50,ask,DiligentDonuts,FlawlessFlatbreads,6915489
2026-07-04T11:07:57.731815,2026-07-04T11:07:57.741369+00:00,142.6,45,bid,CostlyCorianders,EarnestEspressos,6915498
2026-07-04T11:07:59.285076,2026-07-04T11:07:59.296543+00:00,142.8,50,bid,FlawlessFlatbreads,EarnestEspressos,6915522
2026-07-04T11:08:01.391145,2026-07-04T11:08:01.402748+00:00,142.8,50,bid,FlawlessFlatbreads,EarnestEspressos,6915550
2026-07-04T11:08:02.730412,2026-07-04T11:08:02.741940+00:00,142.5,45,ask,EarnestEspressos,CostlyCorianders,6915563
2026-07-04T11:08:03.499240,2026-07-04T11:08:03.509735+00:00,142.7,50,bid,FlawlessFlatbreads,DiligentDonuts,6915574
2026-07-04T11:08:05.605136,2026-07-04T11:08:05.612655+00:00,143.0,50,bid,FlawlessFlatbreads,DiligentDonuts,6915604
2026-07-04T11:08:05.833642,2026-07-04T11:08:05.843565+00:00,142.6,49,ask,EarnestEspressos,CostlyCorianders,6915606
2026-07-04T11:08:06.831245,2026-07-04T11:08:06.843000+00:00,143.0,48,bid,CostlyCorianders,DiligentDonuts,6915620
2026-07-04T11:08:06.882862,2026-07-04T11:08:06.892542+00:00,142.6,11,ask,EarnestEspressos,Xuanyu Liu,6915622
2026-07-04T11:08:07.762493,2026-07-04T11:08:07.774126+00:00,142.6,50,ask,EarnestEspressos,FlawlessFlatbreads,6915631
2026-07-04T11:08:07.911600,2026-07-04T11:08:07.930561+00:00,142.5,100,ask,DiligentDonuts,EarnestEspressos,6915634
2026-07-04T11:08:07.922526,2026-07-04T11:08:07.930561+00:00,142.3,11,bid,Xuanyu Liu,EarnestEspressos,6915635
2026-07-04T11:08:08.192312,2026-07-04T11:08:08.201026+00:00,142.3,23,bid,Xuanyu Liu,EarnestEspressos,6915641
2026-07-04T11:08:09.503815,2026-07-04T11:08:09.515905+00:00,142.3,12,bid,Xuanyu Liu,EarnestEspressos,6915663
2026-07-04T11:08:09.819298,2026-07-04T11:08:09.827070+00:00,142.3,4,bid,FlawlessFlatbreads,EarnestEspressos,6915667
2026-07-04T11:08:11.019862,2026-07-04T11:08:11.030508+00:00,142.7,100,bid,EarnestEspressos,DiligentDonuts,6915682
2026-07-04T11:08:11.085969,2026-07-04T11:08:11.093525+00:00,142.7,35,ask,EarnestEspressos,Xuanyu Liu,6915685
2026-07-04T11:08:11.977632,2026-07-04T11:08:12.069087+00:00,142.8,50,ask,DiligentDonuts,FlawlessFlatbreads,6915695
2026-07-04T11:08:12.323072,2026-07-04T11:08:12.331037+00:00,142.8,11,ask,DiligentDonuts,Xuanyu Liu,6915698
2026-07-04T11:08:14.086119,2026-07-04T11:08:14.098799+00:00,142.8,39,ask,DiligentDonuts,FlawlessFlatbreads,6915726
2026-07-04T11:08:14.086119,2026-07-04T11:08:14.103805+00:00,142.7,11,ask,EarnestEspressos,FlawlessFlatbreads,6915727
2026-07-04T11:08:14.246059,2026-07-04T11:08:14.253853+00:00,142.6,11,bid,Xuanyu Liu,EarnestEspressos,6915729
2026-07-04T11:08:14.755650,2026-07-04T11:08:14.767252+00:00,142.6,43,bid,CostlyCorianders,EarnestEspressos,6915743
2026-07-04T11:08:15.377840,2026-07-04T11:08:15.389607+00:00,142.6,48,bid,CostlyCorianders,EarnestEspressos,6915746
2026-07-04T11:08:16.059619,2026-07-04T11:08:16.068116+00:00,142.6,12,bid,Xuanyu Liu,EarnestEspressos,6915757
2026-07-04T11:08:16.142543,2026-07-04T11:08:16.154132+00:00,142.6,36,bid,FlawlessFlatbreads,EarnestEspressos,6915760
2026-07-04T11:08:19.695020,2026-07-04T11:08:19.702542+00:00,142.8,49,ask,EarnestEspressos,CostlyCorianders,6915816
2026-07-04T11:08:19.990379,2026-07-04T11:08:20.000132+00:00,142.8,23,ask,EarnestEspressos,Xuanyu Liu,6915817
2026-07-04T11:08:20.436255,2026-07-04T11:08:20.447770+00:00,142.8,50,ask,EarnestEspressos,FlawlessFlatbreads,6915824
2026-07-04T11:08:20.554017,2026-07-04T11:08:20.565810+00:00,142.7,100,ask,DiligentDonuts,EarnestEspressos,6915825
2026-07-04T11:08:20.844393,2026-07-04T11:08:20.855993+00:00,142.6,11,bid,Xuanyu Liu,DiligentDonuts,6915827
2026-07-04T11:08:21.966467,2026-07-04T11:08:21.974113+00:00,142.6,47,bid,CostlyCorianders,DiligentDonuts,6915845
2026-07-04T11:08:22.512051,2026-07-04T11:08:22.521645+00:00,142.6,42,bid,FlawlessFlatbreads,DiligentDonuts,6915853
2026-07-04T11:08:22.512051,2026-07-04T11:08:22.521645+00:00,142.7,8,bid,FlawlessFlatbreads,EarnestEspressos,6915854
2026-07-04T11:08:24.619826,2026-07-04T11:08:24.631286+00:00,142.9,50,bid,FlawlessFlatbreads,DiligentDonuts,6915888
2026-07-04T11:08:26.727992,2026-07-04T11:08:26.739474+00:00,142.9,50,bid,FlawlessFlatbreads,DiligentDonuts,6915917
2026-07-04T11:08:27.745949,2026-07-04T11:08:27.757588+00:00,142.7,47,ask,EarnestEspressos,CostlyCorianders,6915934
2026-07-04T11:08:28.833642,2026-07-04T11:08:28.845089+00:00,143.2,50,bid,FlawlessFlatbreads,EarnestEspressos,6915945
2026-07-04T11:08:30.939937,2026-07-04T11:08:30.951741+00:00,143.2,50,bid,FlawlessFlatbreads,EarnestEspressos,6915972
2026-07-04T11:08:33.045706,2026-07-04T11:08:33.048205+00:00,143.2,50,bid,FlawlessFlatbreads,EarnestEspressos,6916011
2026-07-04T11:08:33.149435,2026-07-04T11:08:33.158590+00:00,143.3,100,bid,EarnestEspressos,DiligentDonuts,6916013
2026-07-04T11:08:33.215176,2026-07-04T11:08:33.223490+00:00,143.5,17,ask,EarnestEspressos,Xuanyu Liu,6916016
2026-07-04T11:08:37.273242,2026-07-04T11:08:37.285111+00:00,143.5,50,bid,FlawlessFlatbreads,EarnestEspressos,6916062
2026-07-04T11:08:37.630547,2026-07-04T11:08:37.638713+00:00,143.5,3,bid,Xuanyu Liu,EarnestEspressos,6916064
2026-07-04T11:08:39.380249,2026-07-04T11:08:39.391707+00:00,143.5,50,bid,FlawlessFlatbreads,EarnestEspressos,6916084
2026-07-04T11:08:41.494309,2026-07-04T11:08:41.502961+00:00,144.0,50,bid,FlawlessFlatbreads,EarnestEspressos,6916103
2026-07-04T11:08:42.285712,2026-07-04T11:08:42.294184+00:00,143.7,3,ask,DiligentDonuts,Xuanyu Liu,6916116
2026-07-04T11:08:45.380672,2026-07-04T11:08:45.387612+00:00,143.7,49,ask,EarnestEspressos,CostlyCorianders,6916161
2026-07-04T11:08:45.701519,2026-07-04T11:08:45.713348+00:00,144.0,50,bid,FlawlessFlatbreads,DiligentDonuts,6916164
2026-07-04T11:08:45.908222,2026-07-04T11:08:45.918555+00:00,144.0,46,bid,CostlyCorianders,DiligentDonuts,6916172
2026-07-04T11:08:46.193342,2026-07-04T11:08:46.204395+00:00,144.1,100,ask,DiligentDonuts,Chester Au,6916180
2026-07-04T11:08:46.373194,2026-07-04T11:08:46.384627+00:00,143.8,42,ask,EarnestEspressos,CostlyCorianders,6916188
2026-07-04T11:08:47.860684,2026-07-04T11:08:47.872544+00:00,143.8,50,ask,EarnestEspressos,FlawlessFlatbreads,6916200
2026-07-04T11:08:48.343659,2026-07-04T11:08:48.358866+00:00,143.8,43,ask,EarnestEspressos,CostlyCorianders,6916205
2026-07-04T11:08:49.045493,2026-07-04T11:08:49.054214+00:00,143.8,3,bid,Xuanyu Liu,EarnestEspressos,6916217
2026-07-04T11:08:49.252412,2026-07-04T11:08:49.261647+00:00,143.8,100,bid,DiligentDonuts,EarnestEspressos,6916225
2026-07-04T11:08:49.879758,2026-07-04T11:08:49.887180+00:00,143.8,46,bid,CostlyCorianders,EarnestEspressos,6916234
2026-07-04T11:08:49.969080,2026-07-04T11:08:49.980540+00:00,143.3,50,ask,EarnestEspressos,FlawlessFlatbreads,6916238
2026-07-04T11:08:54.179503,2026-07-04T11:08:54.191154+00:00,143.5,50,ask,EarnestEspressos,FlawlessFlatbreads,6916290
2026-07-04T11:08:54.223972,2026-07-04T11:08:54.235559+00:00,143.5,40,ask,EarnestEspressos,CostlyCorianders,6916291
2026-07-04T11:08:56.235452,2026-07-04T11:08:56.247178+00:00,143.7,50,bid,FlawlessFlatbreads,EarnestEspressos,6916315
2026-07-04T11:08:57.450501,2026-07-04T11:08:57.463883+00:00,143.7,46,bid,CostlyCorianders,EarnestEspressos,6916338
2026-07-04T11:08:58.022974,2026-07-04T11:08:58.029609+00:00,143.7,48,bid,CostlyCorianders,EarnestEspressos,6916345
2026-07-04T11:08:58.078465,2026-07-04T11:08:58.086805+00:00,143.6,45,ask,DiligentDonuts,CostlyCorianders,6916347
2026-07-04T11:08:58.229781,2026-07-04T11:08:58.237984+00:00,143.7,6,bid,Chester Au,EarnestEspressos,6916349
2026-07-04T11:08:58.341278,2026-07-04T11:08:58.352884+00:00,144.1,50,bid,FlawlessFlatbreads,DiligentDonuts,6916351
2026-07-04T11:09:00.333197,2026-07-04T11:09:00.341435+00:00,144.0,47,ask,EarnestEspressos,CostlyCorianders,6916376
2026-07-04T11:09:00.498964,2026-07-04T11:09:00.510767+00:00,144.0,50,ask,EarnestEspressos,FlawlessFlatbreads,6916378
2026-07-04T11:09:02.619684,2026-07-04T11:09:02.628227+00:00,143.8,50,ask,EarnestEspressos,FlawlessFlatbreads,6916403
2026-07-04T11:09:03.399938,2026-07-04T11:09:03.411432+00:00,144.3,46,bid,CostlyCorianders,EarnestEspressos,6916412
2026-07-04T11:09:03.947211,2026-07-04T11:09:03.958640+00:00,143.8,41,ask,EarnestEspressos,CostlyCorianders,6916416
2026-07-04T11:09:04.732815,2026-07-04T11:09:04.740046+00:00,143.8,50,ask,EarnestEspressos,FlawlessFlatbreads,6916427
2026-07-04T11:09:04.928653,2026-07-04T11:09:04.935715+00:00,144.0,45,bid,CostlyCorianders,EarnestEspressos,6916431
2026-07-04T11:09:05.531418,2026-07-04T11:09:05.543283+00:00,143.7,48,ask,DiligentDonuts,CostlyCorianders,6916445
2026-07-04T11:09:06.839442,2026-07-04T11:09:06.851021+00:00,143.7,50,ask,DiligentDonuts,FlawlessFlatbreads,6916462
2026-07-04T11:09:08.751473,2026-07-04T11:09:08.758552+00:00,144.0,44,bid,CostlyCorianders,DiligentDonuts,6916480
2026-07-04T11:09:08.945911,2026-07-04T11:09:08.952446+00:00,143.6,50,ask,EarnestEspressos,FlawlessFlatbreads,6916481
2026-07-04T11:09:11.054426,2026-07-04T11:09:11.058569+00:00,143.6,50,ask,EarnestEspressos,FlawlessFlatbreads,6916511
2026-07-04T11:09:11.167329,2026-07-04T11:09:11.178974+00:00,143.5,100,ask,DiligentDonuts,EarnestEspressos,6916513
2026-07-04T11:09:11.175925,2026-07-04T11:09:11.186806+00:00,143.5,50,bid,Chester Au,EarnestEspressos,6916514
2026-07-04T11:09:11.457771,2026-07-04T11:09:11.469450+00:00,143.7,44,bid,Chester Au,DiligentDonuts,6916517
2026-07-04T11:09:12.170424,2026-07-04T11:09:12.179359+00:00,143.7,49,bid,CostlyCorianders,DiligentDonuts,6916529
2026-07-04T11:09:13.160704,2026-07-04T11:09:13.172323+00:00,143.2,50,ask,DiligentDonuts,FlawlessFlatbreads,6916544
2026-07-04T11:09:13.164437,2026-07-04T11:09:13.172323+00:00,143.2,43,ask,DiligentDonuts,CostlyCorianders,6916545
2026-07-04T11:09:13.761087,2026-07-04T11:09:13.770979+00:00,143.7,7,bid,Xuanyu Liu,DiligentDonuts,6916554
2026-07-04T11:09:15.251966,2026-07-04T11:09:15.258407+00:00,143.9,41,ask,EarnestEspressos,CostlyCorianders,6916584
2026-07-04T11:09:15.270202,2026-07-04T11:09:15.283279+00:00,143.9,50,ask,EarnestEspressos,FlawlessFlatbreads,6916586
2026-07-04T11:09:16.203051,2026-07-04T11:09:16.214702+00:00,144.0,44,bid,CostlyCorianders,DiligentDonuts,6916603
2026-07-04T11:09:19.177752,2026-07-04T11:09:19.189365+00:00,144.0,42,bid,CostlyCorianders,EarnestEspressos,6916636
2026-07-04T11:09:19.479386,2026-07-04T11:09:19.490863+00:00,143.7,50,ask,DiligentDonuts,FlawlessFlatbreads,6916637
2026-07-04T11:09:20.234238,2026-07-04T11:09:20.243126+00:00,143.7,49,ask,DiligentDonuts,CostlyCorianders,6916644
2026-07-04T11:09:21.585152,2026-07-04T11:09:21.594986+00:00,143.9,50,ask,EarnestEspressos,FlawlessFlatbreads,6916663
2026-07-04T11:09:22.499895,2026-07-04T11:09:22.508488+00:00,144.0,19,bid,Xuanyu Liu,DiligentDonuts,6916672
2026-07-04T11:09:22.987060,2026-07-04T11:09:22.993424+00:00,144.0,44,bid,CostlyCorianders,DiligentDonuts,6916686
2026-07-04T11:09:23.647695,2026-07-04T11:09:23.658561+00:00,144.0,37,bid,FlawlessFlatbreads,DiligentDonuts,6916691
2026-07-04T11:09:23.647695,2026-07-04T11:09:23.658561+00:00,144.4,13,bid,FlawlessFlatbreads,EarnestEspressos,6916692
2026-07-04T11:09:24.602379,2026-07-04T11:09:24.611478+00:00,143.9,46,ask,DiligentDonuts,CostlyCorianders,6916713
2026-07-04T11:09:25.759549,2026-07-04T11:09:25.771351+00:00,144.3,50,bid,FlawlessFlatbreads,EarnestEspressos,6916725
2026-07-04T11:09:27.927701,2026-07-04T11:09:27.939049+00:00,144.0,50,ask,EarnestEspressos,FlawlessFlatbreads,6916750
2026-07-04T11:09:29.166072,2026-07-04T11:09:29.176887+00:00,144.2,49,bid,CostlyCorianders,DiligentDonuts,6916767
2026-07-04T11:09:29.756870,2026-07-04T11:09:29.765021+00:00,144.0,42,ask,EarnestEspressos,CostlyCorianders,6916775
2026-07-04T11:09:30.033413,2026-07-04T11:09:30.045070+00:00,144.0,50,ask,EarnestEspressos,FlawlessFlatbreads,6916777
2026-07-04T11:09:30.375563,2026-07-04T11:09:30.387013+00:00,143.8,100,bid,DiligentDonuts,EarnestEspressos,6916779
2026-07-04T11:09:31.242046,2026-07-04T11:09:31.251271+00:00,143.8,45,bid,CostlyCorianders,EarnestEspressos,6916793
2026-07-04T11:09:32.088594,2026-07-04T11:09:32.099994+00:00,143.8,5,bid,FlawlessFlatbreads,EarnestEspressos,6916804
2026-07-04T11:09:32.088594,2026-07-04T11:09:32.099994+00:00,144.3,45,bid,FlawlessFlatbreads,DiligentDonuts,6916805
2026-07-04T11:09:33.293955,2026-07-04T11:09:33.305515+00:00,143.9,45,ask,EarnestEspressos,CostlyCorianders,6916823
2026-07-04T11:09:34.197345,2026-07-04T11:09:34.209423+00:00,144.1,50,bid,FlawlessFlatbreads,DiligentDonuts,6916834
2026-07-04T11:09:34.795913,2026-07-04T11:09:34.802286+00:00,143.9,48,ask,EarnestEspressos,CostlyCorianders,6916843
2026-07-04T11:09:35.306527,2026-07-04T11:09:35.318121+00:00,144.1,40,bid,CostlyCorianders,DiligentDonuts,6916850
2026-07-04T11:09:36.360588,2026-07-04T11:09:36.368910+00:00,143.9,50,ask,EarnestEspressos,FlawlessFlatbreads,6916866
2026-07-04T11:09:36.699092,2026-07-04T11:09:36.710934+00:00,143.8,100,bid,DiligentDonuts,EarnestEspressos,6916867
2026-07-04T11:09:38.466779,2026-07-04T11:09:38.478206+00:00,143.3,50,ask,EarnestEspressos,FlawlessFlatbreads,6916900
2026-07-04T11:09:40.573745,2026-07-04T11:09:40.585866+00:00,143.3,50,ask,EarnestEspressos,FlawlessFlatbreads,6916927
2026-07-04T11:09:40.638963,2026-07-04T11:09:40.658719+00:00,143.8,40,bid,CostlyCorianders,EarnestEspressos,6916928
2026-07-04T11:09:41.724850,2026-07-04T11:09:41.736348+00:00,143.3,48,ask,EarnestEspressos,CostlyCorianders,6916943
2026-07-04T11:09:42.681698,2026-07-04T11:09:42.693831+00:00,143.3,50,ask,EarnestEspressos,FlawlessFlatbreads,6916954
2026-07-04T11:09:42.825830,2026-07-04T11:09:42.837529+00:00,143.3,100,ask,DiligentDonuts,EarnestEspressos,6916955
2026-07-04T11:09:42.838611,2026-07-04T11:09:42.848202+00:00,143.3,23,bid,Xuanyu Liu,EarnestEspressos,6916956
2026-07-04T11:09:44.789146,2026-07-04T11:09:44.800845+00:00,143.0,50,ask,DiligentDonuts,FlawlessFlatbreads,6916970
2026-07-04T11:09:45.283680,2026-07-04T11:09:45.292406+00:00,143.3,27,bid,CostlyCorianders,EarnestEspressos,6916980
2026-07-04T11:09:45.283680,2026-07-04T11:09:45.292406+00:00,143.5,17,bid,CostlyCorianders,DiligentDonuts,6916981
2026-07-04T11:09:45.934123,2026-07-04T11:09:45.940595+00:00,143.5,83,bid,EarnestEspressos,DiligentDonuts,6916988
2026-07-04T11:09:46.897077,2026-07-04T11:09:46.904430+00:00,143.5,50,ask,EarnestEspressos,FlawlessFlatbreads,6917006
2026-07-04T11:09:47.966094,2026-07-04T11:09:47.974987+00:00,143.5,12,ask,EarnestEspressos,Xuanyu Liu,6917015
2026-07-04T11:09:49.187565,2026-07-04T11:09:49.198602+00:00,143.3,23,bid,Xuanyu Liu,EarnestEspressos,6917037
2026-07-04T11:09:51.057330,2026-07-04T11:09:51.069138+00:00,143.3,50,bid,FlawlessFlatbreads,EarnestEspressos,6917044
2026-07-04T11:09:51.811171,2026-07-04T11:09:51.820486+00:00,143.3,11,bid,Xuanyu Liu,EarnestEspressos,6917047
2026-07-04T11:09:53.121363,2026-07-04T11:09:53.129637+00:00,143.4,11,ask,EarnestEspressos,Xuanyu Liu,6917061
2026-07-04T11:09:53.215034,2026-07-04T11:09:53.226830+00:00,143.4,50,ask,EarnestEspressos,FlawlessFlatbreads,6917063
2026-07-04T11:09:54.426711,2026-07-04T11:09:54.434665+00:00,143.4,34,ask,EarnestEspressos,Xuanyu Liu,6917079
2026-07-04T11:09:55.332509,2026-07-04T11:09:55.344078+00:00,143.4,50,ask,EarnestEspressos,FlawlessFlatbreads,6917085
2026-07-04T11:09:55.499890,2026-07-04T11:09:55.520903+00:00,143.4,100,ask,DiligentDonuts,EarnestEspressos,6917090
2026-07-04T11:09:55.511119,2026-07-04T11:09:55.520903+00:00,142.9,45,bid,Xuanyu Liu,EarnestEspressos,6917091
2026-07-04T11:09:58.359495,2026-07-04T11:09:58.368248+00:00,142.9,5,bid,Xuanyu Liu,EarnestEspressos,6917125
2026-07-04T11:09:58.608760,2026-07-04T11:09:58.620685+00:00,143.1,100,bid,EarnestEspressos,DiligentDonuts,6917128
2026-07-04T11:09:58.676341,2026-07-04T11:09:58.687776+00:00,143.1,5,ask,EarnestEspressos,Xuanyu Liu,6917129
2026-07-04T11:09:59.494087,2026-07-04T11:09:59.505598+00:00,143.5,50,bid,FlawlessFlatbreads,DiligentDonuts,6917146
2026-07-04T11:10:00.834140,2026-07-04T11:10:00.846297+00:00,143.1,45,ask,EarnestEspressos,CostlyCorianders,6917165
2026-07-04T11:10:01.600477,2026-07-04T11:10:01.612434+00:00,143.5,50,bid,FlawlessFlatbreads,DiligentDonuts,6917174
2026-07-04T11:10:01.832573,2026-07-04T11:10:01.844289+00:00,143.0,100,ask,DiligentDonuts,EarnestEspressos,6917176
2026-07-04T11:10:02.042711,2026-07-04T11:10:02.049366+00:00,143.0,50,bid,DiligentDonuts,EarnestEspressos,6917178
2026-07-04T11:10:02.716111,2026-07-04T11:10:02.724060+00:00,143.5,40,bid,CostlyCorianders,DiligentDonuts,6917185
2026-07-04T11:10:03.708264,2026-07-04T11:10:03.719744+00:00,143.5,50,bid,FlawlessFlatbreads,DiligentDonuts,6917208
2026-07-04T11:10:05.012280,2026-07-04T11:10:05.024001+00:00,143.5,10,bid,CostlyCorianders,DiligentDonuts,6917222
2026-07-04T11:10:05.012280,2026-07-04T11:10:05.024001+00:00,143.6,39,bid,CostlyCorianders,EarnestEspressos,6917223
2026-07-04T11:10:05.816208,2026-07-04T11:10:05.827735+00:00,143.6,50,bid,FlawlessFlatbreads,EarnestEspressos,6917233
2026-07-04T11:10:06.110228,2026-07-04T11:10:06.121708+00:00,143.1,41,ask,EarnestEspressos,CostlyCorianders,6917236
2026-07-04T11:10:07.048527,2026-07-04T11:10:07.060138+00:00,143.1,43,ask,EarnestEspressos,CostlyCorianders,6917251
2026-07-04T11:10:07.923374,2026-07-04T11:10:07.934909+00:00,143.6,50,bid,FlawlessFlatbreads,EarnestEspressos,6917261
2026-07-04T11:10:08.117453,2026-07-04T11:10:08.125745+00:00,143.5,22,ask,EarnestEspressos,Xuanyu Liu,6917263
2026-07-04T11:10:08.162981,2026-07-04T11:10:08.169600+00:00,143.6,46,bid,CostlyCorianders,DiligentDonuts,6917267
2026-07-04T11:10:08.747741,2026-07-04T11:10:08.759375+00:00,143.5,41,ask,EarnestEspressos,CostlyCorianders,6917275
2026-07-04T11:10:10.031381,2026-07-04T11:10:10.043078+00:00,144.0,50,bid,FlawlessFlatbreads,EarnestEspressos,6917286
2026-07-04T11:10:12.137130,2026-07-04T11:10:12.158742+00:00,144.0,50,bid,FlawlessFlatbreads,EarnestEspressos,6917314
2026-07-04T11:10:13.275903,2026-07-04T11:10:13.286463+00:00,143.5,12,ask,EarnestEspressos,Xuanyu Liu,6917324
2026-07-04T11:10:14.248001,2026-07-04T11:10:14.252210+00:00,144.0,50,bid,FlawlessFlatbreads,EarnestEspressos,6917332
2026-07-04T11:10:14.444560,2026-07-04T11:10:14.454934+00:00,143.8,23,ask,EarnestEspressos,Xuanyu Liu,6917333
2026-07-04T11:10:15.428373,2026-07-04T11:10:15.437602+00:00,143.8,14,ask,EarnestEspressos,Xuanyu Liu,6917360
2026-07-04T11:10:16.354930,2026-07-04T11:10:16.366777+00:00,144.0,50,bid,FlawlessFlatbreads,DiligentDonuts,6917374
2026-07-04T11:10:18.463383,2026-07-04T11:10:18.475236+00:00,144.1,50,bid,FlawlessFlatbreads,EarnestEspressos,6917395
2026-07-04T11:10:18.846818,2026-07-04T11:10:18.853329+00:00,143.6,45,ask,EarnestEspressos,CostlyCorianders,6917401
2026-07-04T11:10:20.571002,2026-07-04T11:10:20.582803+00:00,144.1,50,bid,FlawlessFlatbreads,EarnestEspressos,6917423
2026-07-04T11:10:22.678625,2026-07-04T11:10:22.690387+00:00,143.9,50,bid,FlawlessFlatbreads,DiligentDonuts,6917460
2026-07-04T11:10:24.786123,2026-07-04T11:10:24.796205+00:00,144.1,50,bid,FlawlessFlatbreads,DiligentDonuts,6917482
2026-07-04T11:10:25.658750,2026-07-04T11:10:25.668891+00:00,144.1,48,bid,CostlyCorianders,DiligentDonuts,6917494
2026-07-04T11:10:26.892414,2026-07-04T11:10:26.901627+00:00,144.1,2,bid,FlawlessFlatbreads,DiligentDonuts,6917508
2026-07-04T11:10:26.892414,2026-07-04T11:10:26.901627+00:00,144.2,48,bid,FlawlessFlatbreads,EarnestEspressos,6917509
2026-07-04T11:10:29.016183,2026-07-04T11:10:29.024107+00:00,144.5,50,bid,FlawlessFlatbreads,EarnestEspressos,6917537
2026-07-04T11:10:29.842517,2026-07-04T11:10:29.850854+00:00,144.2,100,ask,DiligentDonuts,Chester Au,6917546
2026-07-04T11:10:30.566438,2026-07-04T11:10:30.578185+00:00,144.0,100,ask,EarnestEspressos,DiligentDonuts,6917554
2026-07-04T11:10:30.916109,2026-07-04T11:10:30.927705+00:00,144.0,45,ask,EarnestEspressos,CostlyCorianders,6917561
2026-07-04T11:10:31.175717,2026-07-04T11:10:31.187291+00:00,144.0,5,ask,EarnestEspressos,FlawlessFlatbreads,6917564
2026-07-04T11:10:31.175717,2026-07-04T11:10:31.187291+00:00,143.5,45,ask,DiligentDonuts,FlawlessFlatbreads,6917565
2026-07-04T11:10:32.029732,2026-07-04T11:10:32.040008+00:00,144.5,44,bid,CostlyCorianders,EarnestEspressos,6917571
2026-07-04T11:10:34.121069,2026-07-04T11:10:34.131494+00:00,144.0,43,ask,DiligentDonuts,CostlyCorianders,6917598
2026-07-04T11:10:34.732018,2026-07-04T11:10:34.743849+00:00,144.4,45,bid,CostlyCorianders,EarnestEspressos,6917603
2026-07-04T11:10:35.396598,2026-07-04T11:10:35.408064+00:00,144.0,50,ask,DiligentDonuts,FlawlessFlatbreads,6917618
2026-07-04T11:10:37.086315,2026-07-04T11:10:37.097871+00:00,144.0,47,ask,EarnestEspressos,CostlyCorianders,6917639
2026-07-04T11:10:38.591650,2026-07-04T11:10:38.603417+00:00,144.0,49,ask,EarnestEspressos,CostlyCorianders,6917652
2026-07-04T11:10:39.055062,2026-07-04T11:10:39.066887+00:00,144.1,49,bid,CostlyCorianders,DiligentDonuts,6917663
2026-07-04T11:10:39.631049,2026-07-04T11:10:39.642420+00:00,144.0,50,ask,EarnestEspressos,FlawlessFlatbreads,6917667
2026-07-04T11:10:40.340869,2026-07-04T11:10:40.348023+00:00,143.9,100,bid,Chester Au,EarnestEspressos,6917678
2026-07-04T11:10:41.685671,2026-07-04T11:10:41.697214+00:00,143.9,50,bid,FlawlessFlatbreads,EarnestEspressos,6917703
2026-07-04T11:10:41.690398,2026-07-04T11:10:41.697214+00:00,144.2,49,bid,CostlyCorianders,DiligentDonuts,6917704
2026-07-04T11:10:43.844755,2026-07-04T11:10:43.863652+00:00,144.0,50,ask,DiligentDonuts,FlawlessFlatbreads,6917723
2026-07-04T11:10:45.952307,2026-07-04T11:10:45.958907+00:00,144.0,50,ask,DiligentDonuts,FlawlessFlatbreads,6917756
2026-07-04T11:10:48.062016,2026-07-04T11:10:48.068704+00:00,144.1,50,ask,EarnestEspressos,FlawlessFlatbreads,6917788
2026-07-04T11:10:48.211313,2026-07-04T11:10:48.220457+00:00,144.1,14,ask,EarnestEspressos,Xuanyu Liu,6917792
2026-07-04T11:10:48.214225,2026-07-04T11:10:48.220457+00:00,144.1,86,ask,EarnestEspressos,Chester Au,6917793
2026-07-04T11:10:48.849032,2026-07-04T11:10:48.863654+00:00,143.7,43,ask,DiligentDonuts,CostlyCorianders,6917805
2026-07-04T11:10:49.327026,2026-07-04T11:10:49.348470+00:00,143.7,57,ask,DiligentDonuts,EarnestEspressos,6917814
2026-07-04T11:10:49.337132,2026-07-04T11:10:49.348470+00:00,143.6,14,bid,Xuanyu Liu,EarnestEspressos,6917815
2026-07-04T11:10:49.516291,2026-07-04T11:10:49.525704+00:00,143.6,79,bid,Chester Au,EarnestEspressos,6917821
2026-07-04T11:10:49.544358,2026-07-04T11:10:49.555381+00:00,143.5,7,bid,Chester Au,DiligentDonuts,6917824
2026-07-04T11:10:49.547339,2026-07-04T11:10:49.555381+00:00,143.5,37,bid,Xuanyu Liu,DiligentDonuts,6917825
2026-07-04T11:10:50.201494,2026-07-04T11:10:50.209591+00:00,143.1,50,ask,EarnestEspressos,FlawlessFlatbreads,6917834
2026-07-04T11:10:52.308119,2026-07-04T11:10:52.320058+00:00,143.1,50,ask,EarnestEspressos,FlawlessFlatbreads,6917862
2026-07-04T11:10:52.436862,2026-07-04T11:10:52.448736+00:00,143.5,56,bid,EarnestEspressos,DiligentDonuts,6917863
2026-07-04T11:10:53.305212,2026-07-04T11:10:53.314261+00:00,143.6,11,ask,DiligentDonuts,Xuanyu Liu,6917878
2026-07-04T11:10:54.439370,2026-07-04T11:10:54.447369+00:00,143.6,50,ask,DiligentDonuts,FlawlessFlatbreads,6917891
2026-07-04T11:10:54.761335,2026-07-04T11:10:54.771355+00:00,144.0,49,bid,CostlyCorianders,EarnestEspressos,6917899
2026-07-04T11:10:55.294194,2026-07-04T11:10:55.303161+00:00,143.6,39,ask,DiligentDonuts,CostlyCorianders,6917906
2026-07-04T11:10:55.294194,2026-07-04T11:10:55.303161+00:00,143.5,1,ask,EarnestEspressos,CostlyCorianders,6917907
2026-07-04T11:10:56.494393,2026-07-04T11:10:56.506002+00:00,143.8,50,bid,FlawlessFlatbreads,DiligentDonuts,6917925
2026-07-04T11:11:00.713886,2026-07-04T11:11:00.722386+00:00,143.8,50,bid,FlawlessFlatbreads,DiligentDonuts,6917984
2026-07-04T11:11:02.820481,2026-07-04T11:11:02.832268+00:00,143.9,50,bid,FlawlessFlatbreads,EarnestEspressos,6918010
2026-07-04T11:11:04.115917,2026-07-04T11:11:04.124787+00:00,143.5,12,ask,DiligentDonuts,Xuanyu Liu,6918033
2026-07-04T11:11:04.819368,2026-07-04T11:11:04.831160+00:00,143.9,43,bid,CostlyCorianders,EarnestEspressos,6918041
2026-07-04T11:11:06.381143,2026-07-04T11:11:06.392658+00:00,143.6,47,bid,CostlyCorianders,DiligentDonuts,6918074
2026-07-04T11:11:07.060328,2026-07-04T11:11:07.072213+00:00,143.6,50,bid,FlawlessFlatbreads,DiligentDonuts,6918081
2026-07-04T11:11:08.277181,2026-07-04T11:11:08.282052+00:00,143.5,11,ask,EarnestEspressos,Xuanyu Liu,6918100
2026-07-04T11:11:09.196618,2026-07-04T11:11:09.204838+00:00,143.9,50,bid,FlawlessFlatbreads,DiligentDonuts,6918112
2026-07-04T11:11:10.490924,2026-07-04T11:11:10.498807+00:00,143.5,42,ask,EarnestEspressos,CostlyCorianders,6918124
2026-07-04T11:11:10.505270,2026-07-04T11:11:10.508715+00:00,143.5,3,ask,EarnestEspressos,Xuanyu Liu,6918125
2026-07-04T11:11:11.302747,2026-07-04T11:11:11.314462+00:00,143.9,50,bid,FlawlessFlatbreads,DiligentDonuts,6918134
2026-07-04T11:11:12.132250,2026-07-04T11:11:12.144243+00:00,143.6,47,ask,DiligentDonuts,CostlyCorianders,6918147
2026-07-04T11:11:12.625561,2026-07-04T11:11:12.637275+00:00,143.6,46,ask,DiligentDonuts,CostlyCorianders,6918153
2026-07-04T11:11:13.495693,2026-07-04T11:11:13.507392+00:00,143.6,7,ask,DiligentDonuts,FlawlessFlatbreads,6918161
2026-07-04T11:11:13.495693,2026-07-04T11:11:13.507392+00:00,143.2,43,ask,EarnestEspressos,FlawlessFlatbreads,6918162
2026-07-04T11:11:15.352263,2026-07-04T11:11:15.363784+00:00,143.8,47,bid,CostlyCorianders,EarnestEspressos,6918180
2026-07-04T11:11:15.552962,2026-07-04T11:11:15.561566+00:00,143.8,50,bid,FlawlessFlatbreads,EarnestEspressos,6918185
2026-07-04T11:11:16.399916,2026-07-04T11:11:16.407010+00:00,143.8,45,bid,CostlyCorianders,EarnestEspressos,6918200
2026-07-04T11:11:17.715721,2026-07-04T11:11:17.724843+00:00,143.6,50,ask,DiligentDonuts,FlawlessFlatbreads,6918215
2026-07-04T11:11:17.983351,2026-07-04T11:11:17.992642+00:00,143.8,45,ask,EarnestEspressos,CostlyCorianders,6918217
2026-07-04T11:11:18.481819,2026-07-04T11:11:18.493523+00:00,143.8,48,ask,EarnestEspressos,CostlyCorianders,6918223
2026-07-04T11:11:19.825753,2026-07-04T11:11:19.833422+00:00,143.8,50,ask,EarnestEspressos,FlawlessFlatbreads,6918240
2026-07-04T11:11:21.872582,2026-07-04T11:11:21.878958+00:00,143.7,47,bid,CostlyCorianders,EarnestEspressos,6918260
2026-07-04T11:11:21.931787,2026-07-04T11:11:21.943495+00:00,143.5,50,ask,DiligentDonuts,FlawlessFlatbreads,6918261
2026-07-04T11:11:23.424655,2026-07-04T11:11:23.434313+00:00,143.7,46,bid,CostlyCorianders,EarnestEspressos,6918288
2026-07-04T11:11:24.039880,2026-07-04T11:11:24.051367+00:00,143.5,50,ask,DiligentDonuts,FlawlessFlatbreads,6918296
2026-07-04T11:11:24.368997,2026-07-04T11:11:24.381089+00:00,143.8,100,ask,EarnestEspressos,DiligentDonuts,6918303
2026-07-04T11:11:26.146055,2026-07-04T11:11:26.154185+00:00,143.8,50,ask,EarnestEspressos,FlawlessFlatbreads,6918325
2026-07-04T11:11:27.512673,2026-07-04T11:11:27.523252+00:00,143.5,3,bid,Xuanyu Liu,EarnestEspressos,6918347
2026-07-04T11:11:28.252714,2026-07-04T11:11:28.264740+00:00,143.4,50,ask,DiligentDonuts,FlawlessFlatbreads,6918354
2026-07-04T11:11:28.410679,2026-07-04T11:11:28.419526+00:00,143.5,11,bid,Xuanyu Liu,EarnestEspressos,6918357
2026-07-04T11:11:30.360217,2026-07-04T11:11:30.371777+00:00,143.4,50,ask,DiligentDonuts,FlawlessFlatbreads,6918383
2026-07-04T11:11:30.950403,2026-07-04T11:11:30.958563+00:00,143.1,44,ask,DiligentDonuts,CostlyCorianders,6918384
2026-07-04T11:11:32.468583,2026-07-04T11:11:32.480269+00:00,143.1,50,ask,DiligentDonuts,FlawlessFlatbreads,6918404
2026-07-04T11:11:34.524374,2026-07-04T11:11:34.535996+00:00,143.2,50,bid,FlawlessFlatbreads,DiligentDonuts,6918435
2026-07-04T11:11:35.602976,2026-07-04T11:11:35.612413+00:00,143.2,40,bid,CostlyCorianders,DiligentDonuts,6918444
2026-07-04T11:11:36.223380,2026-07-04T11:11:36.231252+00:00,142.9,44,ask,EarnestEspressos,CostlyCorianders,6918458
2026-07-04T11:11:36.632063,2026-07-04T11:11:36.644051+00:00,143.2,10,bid,FlawlessFlatbreads,DiligentDonuts,6918463
2026-07-04T11:11:36.632063,2026-07-04T11:11:36.644051+00:00,143.4,40,bid,FlawlessFlatbreads,EarnestEspressos,6918464
2026-07-04T11:11:38.791676,2026-07-04T11:11:38.803655+00:00,142.9,50,ask,DiligentDonuts,FlawlessFlatbreads,6918494
2026-07-04T11:11:39.582469,2026-07-04T11:11:39.594313+00:00,143.3,43,bid,CostlyCorianders,EarnestEspressos,6918502
2026-07-04T11:11:40.904474,2026-07-04T11:11:40.912006+00:00,143.1,50,ask,EarnestEspressos,FlawlessFlatbreads,6918524
2026-07-04T11:11:41.249035,2026-07-04T11:11:41.251282+00:00,143.1,40,ask,EarnestEspressos,CostlyCorianders,6918527
2026-07-04T11:11:41.796260,2026-07-04T11:11:41.803304+00:00,143.4,48,bid,CostlyCorianders,DiligentDonuts,6918534
2026-07-04T11:11:42.354873,2026-07-04T11:11:42.366483+00:00,143.4,44,bid,CostlyCorianders,DiligentDonuts,6918542
2026-07-04T11:11:43.009217,2026-07-04T11:11:43.016662+00:00,143.1,50,ask,EarnestEspressos,FlawlessFlatbreads,6918552
2026-07-04T11:11:43.181124,2026-07-04T11:11:43.189739+00:00,143.0,23,bid,Xuanyu Liu,EarnestEspressos,6918554
2026-07-04T11:11:45.117143,2026-07-04T11:11:45.129037+00:00,142.9,50,ask,DiligentDonuts,FlawlessFlatbreads,6918576
2026-07-04T11:11:46.120481,2026-07-04T11:11:46.132169+00:00,142.9,47,ask,DiligentDonuts,CostlyCorianders,6918586
2026-07-04T11:11:46.330638,2026-07-04T11:11:46.342483+00:00,142.9,3,ask,DiligentDonuts,EarnestEspressos,6918587
2026-07-04T11:11:47.226094,2026-07-04T11:11:47.237794+00:00,142.6,50,ask,DiligentDonuts,FlawlessFlatbreads,6918605
2026-07-04T11:11:49.282171,2026-07-04T11:11:49.290914+00:00,142.9,50,bid,FlawlessFlatbreads,EarnestEspressos,6918632
2026-07-04T11:11:50.263060,2026-07-04T11:11:50.274875+00:00,143.0,45,bid,CostlyCorianders,DiligentDonuts,6918641
2026-07-04T11:11:51.388968,2026-07-04T11:11:51.397411+00:00,143.0,50,bid,FlawlessFlatbreads,DiligentDonuts,6918656
2026-07-04T11:11:52.290333,2026-07-04T11:11:52.302418+00:00,143.0,5,bid,CostlyCorianders,DiligentDonuts,6918675
2026-07-04T11:11:52.290333,2026-07-04T11:11:52.302418+00:00,143.1,44,bid,CostlyCorianders,EarnestEspressos,6918676
2026-07-04T11:11:53.553574,2026-07-04T11:11:53.565402+00:00,143.1,50,ask,DiligentDonuts,FlawlessFlatbreads,6918698
2026-07-04T11:11:55.389978,2026-07-04T11:11:55.401666+00:00,143.1,48,ask,DiligentDonuts,CostlyCorianders,6918719
2026-07-04T11:11:55.661637,2026-07-04T11:11:55.673593+00:00,143.1,2,ask,DiligentDonuts,FlawlessFlatbreads,6918722
2026-07-04T11:11:55.661637,2026-07-04T11:11:55.673593+00:00,142.9,48,ask,EarnestEspressos,FlawlessFlatbreads,6918723
2026-07-04T11:11:56.330342,2026-07-04T11:11:56.339759+00:00,143.1,12,bid,Xuanyu Liu,DiligentDonuts,6918736
2026-07-04T11:11:56.398337,2026-07-04T11:11:56.410074+00:00,143.1,44,bid,CostlyCorianders,DiligentDonuts,6918741
2026-07-04T11:11:57.639105,2026-07-04T11:11:57.646495+00:00,143.1,22,bid,FlawlessFlatbreads,DiligentDonuts,6918766
2026-07-04T11:11:57.719037,2026-07-04T11:11:57.727825+00:00,143.1,22,bid,Xuanyu Liu,DiligentDonuts,6918770
2026-07-04T11:11:57.719037,2026-07-04T11:11:57.727825+00:00,143.3,28,bid,FlawlessFlatbreads,EarnestEspressos,6918771
2026-07-04T11:11:58.992457,2026-07-04T11:11:59.003156+00:00,143.3,11,ask,EarnestEspressos,Xuanyu Liu,6918785
2026-07-04T11:11:59.222205,2026-07-04T11:11:59.233639+00:00,143.3,49,ask,EarnestEspressos,CostlyCorianders,6918790
2026-07-04T11:11:59.830445,2026-07-04T11:11:59.840875+00:00,143.8,50,bid,FlawlessFlatbreads,EarnestEspressos,6918795
2026-07-04T11:12:05.501055,2026-07-04T11:12:05.509695+00:00,143.4,11,ask,DiligentDonuts,Xuanyu Liu,6918866
2026-07-04T11:12:05.948538,2026-07-04T11:12:05.954961+00:00,143.4,45,ask,DiligentDonuts,CostlyCorianders,6918872
2026-07-04T11:12:06.163927,2026-07-04T11:12:06.175632+00:00,143.8,50,bid,FlawlessFlatbreads,EarnestEspressos,6918877
2026-07-04T11:12:07.024542,2026-07-04T11:12:07.036170+00:00,143.4,44,ask,DiligentDonuts,CostlyCorianders,6918892
2026-07-04T11:12:07.024542,2026-07-04T11:12:07.036170+00:00,143.3,1,ask,EarnestEspressos,CostlyCorianders,6918893
2026-07-04T11:12:07.574789,2026-07-04T11:12:07.586717+00:00,143.8,47,bid,CostlyCorianders,EarnestEspressos,6918900
2026-07-04T11:12:08.326144,2026-07-04T11:12:08.333945+00:00,143.3,50,ask,EarnestEspressos,FlawlessFlatbreads,6918905
2026-07-04T11:12:10.118702,2026-07-04T11:12:10.129554+00:00,143.5,40,ask,EarnestEspressos,CostlyCorianders,6918926
2026-07-04T11:12:10.381135,2026-07-04T11:12:10.392887+00:00,143.6,50,bid,FlawlessFlatbreads,DiligentDonuts,6918928
2026-07-04T11:12:11.702238,2026-07-04T11:12:11.708890+00:00,143.6,42,bid,CostlyCorianders,DiligentDonuts,6918948
2026-07-04T11:12:12.274396,2026-07-04T11:12:12.286006+00:00,143.4,45,ask,EarnestEspressos,CostlyCorianders,6918955
2026-07-04T11:12:12.488147,2026-07-04T11:12:12.500077+00:00,143.9,50,bid,FlawlessFlatbreads,EarnestEspressos,6918956
2026-07-04T11:12:14.604145,2026-07-04T11:12:14.615069+00:00,143.9,50,bid,FlawlessFlatbreads,EarnestEspressos,6918983
2026-07-04T11:12:14.664504,2026-07-04T11:12:14.672637+00:00,143.4,12,ask,EarnestEspressos,Xuanyu Liu,6918985
2026-07-04T11:12:16.709749,2026-07-04T11:12:16.717656+00:00,143.7,50,bid,FlawlessFlatbreads,DiligentDonuts,6919008
2026-07-04T11:12:18.871707,2026-07-04T11:12:18.883626+00:00,143.5,50,ask,EarnestEspressos,FlawlessFlatbreads,6919050
2026-07-04T11:12:20.984431,2026-07-04T11:12:20.991491+00:00,143.5,50,ask,EarnestEspressos,FlawlessFlatbreads,6919078
2026-07-04T11:12:21.274019,2026-07-04T11:12:21.282273+00:00,143.6,12,bid,Xuanyu Liu,EarnestEspressos,6919087
2026-07-04T11:12:21.291068,2026-07-04T11:12:21.303042+00:00,143.6,100,bid,DiligentDonuts,EarnestEspressos,6919089
2026-07-04T11:12:23.039184,2026-07-04T11:12:23.051140+00:00,143.6,38,bid,FlawlessFlatbreads,EarnestEspressos,6919112
2026-07-04T11:12:23.039184,2026-07-04T11:12:23.051140+00:00,144.1,12,bid,FlawlessFlatbreads,DiligentDonuts,6919113
2026-07-04T11:12:24.372184,2026-07-04T11:12:24.383877+00:00,143.9,23,ask,EarnestEspressos,Xuanyu Liu,6919123
2026-07-04T11:12:24.504179,2026-07-04T11:12:24.515891+00:00,143.9,100,ask,EarnestEspressos,DiligentDonuts,6919127
2026-07-04T11:12:25.199269,2026-07-04T11:12:25.209831+00:00,143.9,27,ask,EarnestEspressos,FlawlessFlatbreads,6919140
2026-07-04T11:12:25.199269,2026-07-04T11:12:25.209831+00:00,143.5,23,ask,DiligentDonuts,FlawlessFlatbreads,6919141
2026-07-04T11:12:26.729621,2026-07-04T11:12:26.736910+00:00,144.4,49,bid,CostlyCorianders,EarnestEspressos,6919167
2026-07-04T11:12:27.306309,2026-07-04T11:12:27.317786+00:00,143.5,50,ask,DiligentDonuts,FlawlessFlatbreads,6919172
2026-07-04T11:12:29.412919,2026-07-04T11:12:29.420216+00:00,143.5,50,ask,DiligentDonuts,FlawlessFlatbreads,6919205
2026-07-04T11:12:31.519409,2026-07-04T11:12:31.531253+00:00,143.4,50,ask,EarnestEspressos,FlawlessFlatbreads,6919230
2026-07-04T11:12:32.448813,2026-07-04T11:12:32.463638+00:00,143.8,47,bid,CostlyCorianders,DiligentDonuts,6919241
2026-07-04T11:12:33.052602,2026-07-04T11:12:33.061914+00:00,143.8,11,bid,Xuanyu Liu,DiligentDonuts,6919252
2026-07-04T11:12:33.628725,2026-07-04T11:12:33.635304+00:00,143.4,50,ask,EarnestEspressos,FlawlessFlatbreads,6919260
2026-07-04T11:12:33.938844,2026-07-04T11:12:33.958606+00:00,143.8,100,bid,DiligentDonuts,EarnestEspressos,6919266
2026-07-04T11:12:37.242719,2026-07-04T11:12:37.258565+00:00,143.6,44,ask,EarnestEspressos,CostlyCorianders,6919307
2026-07-04T11:12:37.888974,2026-07-04T11:12:37.900565+00:00,143.6,42,ask,EarnestEspressos,CostlyCorianders,6919314
2026-07-04T11:12:39.943228,2026-07-04T11:12:39.950623+00:00,143.6,50,ask,EarnestEspressos,FlawlessFlatbreads,6919345
2026-07-04T11:12:40.221315,2026-07-04T11:12:40.229603+00:00,143.5,23,bid,Xuanyu Liu,EarnestEspressos,6919347
2026-07-04T11:12:41.997181,2026-07-04T11:12:42.009001+00:00,143.5,50,bid,FlawlessFlatbreads,EarnestEspressos,6919365
2026-07-04T11:12:44.102675,2026-07-04T11:12:44.114486+00:00,143.8,50,bid,FlawlessFlatbreads,EarnestEspressos,6919388
2026-07-04T11:12:45.189826,2026-07-04T11:12:45.196371+00:00,143.8,48,bid,CostlyCorianders,EarnestEspressos,6919401
2026-07-04T11:12:46.209913,2026-07-04T11:12:46.229738+00:00,143.8,50,bid,FlawlessFlatbreads,EarnestEspressos,6919415
2026-07-04T11:12:46.502740,2026-07-04T11:12:46.511047+00:00,143.7,23,ask,EarnestEspressos,Xuanyu Liu,6919421
2026-07-04T11:12:46.646129,2026-07-04T11:12:46.655600+00:00,143.7,100,ask,EarnestEspressos,DiligentDonuts,6919426
2026-07-04T11:12:47.677984,2026-07-04T11:12:47.684659+00:00,143.7,27,ask,EarnestEspressos,CostlyCorianders,6919442
2026-07-04T11:12:48.329784,2026-07-04T11:12:48.340902+00:00,144.2,41,bid,CostlyCorianders,EarnestEspressos,6919454
2026-07-04T11:12:48.367564,2026-07-04T11:12:48.379576+00:00,143.2,50,ask,DiligentDonuts,FlawlessFlatbreads,6919455
2026-07-04T11:12:50.096742,2026-07-04T11:12:50.105457+00:00,143.4,12,bid,Xuanyu Liu,EarnestEspressos,6919476
2026-07-04T11:12:50.474623,2026-07-04T11:12:50.486346+00:00,142.9,50,ask,EarnestEspressos,FlawlessFlatbreads,6919481
2026-07-04T11:12:51.594402,2026-07-04T11:12:51.601083+00:00,142.9,42,ask,EarnestEspressos,CostlyCorianders,6919492
2026-07-04T11:12:52.582243,2026-07-04T11:12:52.589202+00:00,142.9,50,ask,EarnestEspressos,FlawlessFlatbreads,6919504
2026-07-04T11:12:52.595917,2026-07-04T11:12:52.605125+00:00,143.4,40,bid,CostlyCorianders,EarnestEspressos,6919505
2026-07-04T11:12:54.688475,2026-07-04T11:12:54.700177+00:00,143.1,50,ask,DiligentDonuts,FlawlessFlatbreads,6919534
2026-07-04T11:12:56.746246,2026-07-04T11:12:56.767802+00:00,143.1,50,bid,FlawlessFlatbreads,EarnestEspressos,6919555
2026-07-04T11:12:58.038970,2026-07-04T11:12:58.050881+00:00,142.8,49,ask,DiligentDonuts,CostlyCorianders,6919581
2026-07-04T11:12:58.852315,2026-07-04T11:12:58.864208+00:00,143.1,50,bid,FlawlessFlatbreads,EarnestEspressos,6919592
2026-07-04T11:13:01.028478,2026-07-04T11:13:01.040282+00:00,142.8,50,ask,EarnestEspressos,FlawlessFlatbreads,6919625
2026-07-04T11:13:03.085608,2026-07-04T11:13:03.097079+00:00,143.1,50,bid,FlawlessFlatbreads,DiligentDonuts,6919643
2026-07-04T11:13:05.199444,2026-07-04T11:13:05.209661+00:00,143.1,50,bid,FlawlessFlatbreads,DiligentDonuts,6919669
2026-07-04T11:13:07.306770,2026-07-04T11:13:07.318540+00:00,143.0,50,bid,FlawlessFlatbreads,EarnestEspressos,6919695
2026-07-04T11:13:09.016016,2026-07-04T11:13:09.027092+00:00,143.1,43,bid,CostlyCorianders,EarnestEspressos,6919720
2026-07-04T11:13:09.440198,2026-07-04T11:13:09.458801+00:00,143.1,50,bid,FlawlessFlatbreads,EarnestEspressos,6919724
2026-07-04T11:13:10.544255,2026-07-04T11:13:10.558563+00:00,142.6,44,ask,EarnestEspressos,CostlyCorianders,6919733
2026-07-04T11:13:11.597979,2026-07-04T11:13:11.610003+00:00,142.6,50,ask,EarnestEspressos,FlawlessFlatbreads,6919748
2026-07-04T11:13:12.104547,2026-07-04T11:13:12.116342+00:00,143.0,46,bid,CostlyCorianders,EarnestEspressos,6919755
2026-07-04T11:13:13.505783,2026-07-04T11:13:13.517162+00:00,142.5,40,ask,EarnestEspressos,CostlyCorianders,6919774
2026-07-04T11:13:14.425150,2026-07-04T11:13:14.435825+00:00,143.0,48,bid,CostlyCorianders,EarnestEspressos,6919780
2026-07-04T11:13:15.815370,2026-07-04T11:13:15.827255+00:00,142.6,50,ask,EarnestEspressos,FlawlessFlatbreads,6919810
2026-07-04T11:13:16.354410,2026-07-04T11:13:16.363199+00:00,142.6,12,ask,EarnestEspressos,Xuanyu Liu,6919820
2026-07-04T11:13:17.870810,2026-07-04T11:13:17.882651+00:00,142.9,50,bid,FlawlessFlatbreads,DiligentDonuts,6919845
2026-07-04T11:13:19.979645,2026-07-04T11:13:19.991212+00:00,142.9,50,bid,FlawlessFlatbreads,EarnestEspressos,6919874
2026-07-04T11:13:20.538669,2026-07-04T11:13:20.550178+00:00,142.9,43,bid,CostlyCorianders,EarnestEspressos,6919884
2026-07-04T11:13:21.515471,2026-07-04T11:13:21.527020+00:00,142.8,47,ask,EarnestEspressos,CostlyCorianders,6919896
2026-07-04T11:13:21.555542,2026-07-04T11:13:21.563610+00:00,142.8,11,ask,EarnestEspressos,Xuanyu Liu,6919897
2026-07-04T11:13:22.087155,2026-07-04T11:13:22.094381+00:00,143.1,50,bid,FlawlessFlatbreads,DiligentDonuts,6919906
2026-07-04T11:13:22.195969,2026-07-04T11:13:22.204673+00:00,142.8,12,ask,EarnestEspressos,Xuanyu Liu,6919908
2026-07-04T11:13:23.959999,2026-07-04T11:13:23.969484+00:00,142.8,49,ask,EarnestEspressos,CostlyCorianders,6919927
2026-07-04T11:13:24.212354,2026-07-04T11:13:24.220193+00:00,143.1,50,bid,FlawlessFlatbreads,DiligentDonuts,6919936
2026-07-04T11:13:24.524339,2026-07-04T11:13:24.534463+00:00,142.6,100,ask,DiligentDonuts,EarnestEspressos,6919937
2026-07-04T11:13:24.615976,2026-07-04T11:13:24.624106+00:00,142.5,23,bid,Xuanyu Liu,EarnestEspressos,6919941
2026-07-04T11:13:26.317908,2026-07-04T11:13:26.324904+00:00,142.5,27,bid,FlawlessFlatbreads,EarnestEspressos,6919959
2026-07-04T11:13:26.317908,2026-07-04T11:13:26.330083+00:00,143.1,23,bid,FlawlessFlatbreads,DiligentDonuts,6919960
2026-07-04T11:13:27.714227,2026-07-04T11:13:27.722143+00:00,142.7,11,ask,EarnestEspressos,Xuanyu Liu,6919979
2026-07-04T11:13:28.170372,2026-07-04T11:13:28.208807+00:00,142.7,12,ask,EarnestEspressos,Xuanyu Liu,6919988
2026-07-04T11:13:28.450907,2026-07-04T11:13:28.463647+00:00,142.9,50,bid,FlawlessFlatbreads,DiligentDonuts,6919993
2026-07-04T11:13:29.736958,2026-07-04T11:13:29.748473+00:00,142.9,45,bid,CostlyCorianders,DiligentDonuts,6920011
2026-07-04T11:13:30.558985,2026-07-04T11:13:30.570856+00:00,142.9,5,bid,FlawlessFlatbreads,DiligentDonuts,6920021
2026-07-04T11:13:30.558985,2026-07-04T11:13:30.570856+00:00,143.2,45,bid,FlawlessFlatbreads,EarnestEspressos,6920022
2026-07-04T11:13:31.861710,2026-07-04T11:13:31.870390+00:00,142.8,11,ask,EarnestEspressos,Xuanyu Liu,6920040
2026-07-04T11:13:32.689915,2026-07-04T11:13:32.701506+00:00,143.3,50,bid,FlawlessFlatbreads,EarnestEspressos,6920059
2026-07-04T11:13:34.035298,2026-07-04T11:13:34.043839+00:00,142.9,3,ask,EarnestEspressos,Xuanyu Liu,6920076
2026-07-04T11:13:36.957681,2026-07-04T11:13:36.974524+00:00,142.9,50,ask,EarnestEspressos,FlawlessFlatbreads,6920110
2026-07-04T11:13:38.268085,2026-07-04T11:13:38.279490+00:00,142.7,40,ask,EarnestEspressos,CostlyCorianders,6920124
2026-07-04T11:13:39.065077,2026-07-04T11:13:39.072195+00:00,142.7,50,ask,EarnestEspressos,FlawlessFlatbreads,6920136
2026-07-04T11:13:39.545355,2026-07-04T11:13:39.558580+00:00,142.7,49,ask,EarnestEspressos,CostlyCorianders,6920143
2026-07-04T11:13:40.359978,2026-07-04T11:13:40.373092+00:00,142.3,100,bid,DiligentDonuts,EarnestEspressos,6920155
2026-07-04T11:13:40.376031,2026-07-04T11:13:40.383699+00:00,142.3,14,bid,Xuanyu Liu,EarnestEspressos,6920156
2026-07-04T11:13:40.384625,2026-07-04T11:13:40.392383+00:00,142.3,12,bid,Xuanyu Liu,EarnestEspressos,6920158
2026-07-04T11:13:41.170921,2026-07-04T11:13:41.182281+00:00,141.8,50,ask,EarnestEspressos,FlawlessFlatbreads,6920172
2026-07-04T11:13:41.441706,2026-07-04T11:13:41.448267+00:00,142.3,24,bid,CostlyCorianders,EarnestEspressos,6920175
2026-07-04T11:13:41.441706,2026-07-04T11:13:41.448267+00:00,142.9,17,bid,CostlyCorianders,DiligentDonuts,6920176
2026-07-04T11:13:45.172208,2026-07-04T11:13:45.183668+00:00,142.7,40,bid,CostlyCorianders,DiligentDonuts,6920220
2026-07-04T11:13:45.216452,2026-07-04T11:13:45.225211+00:00,142.3,26,ask,EarnestEspressos,Xuanyu Liu,6920225
2026-07-04T11:13:45.381420,2026-07-04T11:13:45.393344+00:00,142.3,50,ask,EarnestEspressos,FlawlessFlatbreads,6920230
2026-07-04T11:13:46.703061,2026-07-04T11:13:46.712569+00:00,142.3,3,bid,Xuanyu Liu,EarnestEspressos,6920243
2026-07-04T11:13:47.437407,2026-07-04T11:13:47.449336+00:00,142.3,50,bid,FlawlessFlatbreads,EarnestEspressos,6920251
2026-07-04T11:13:49.595119,2026-07-04T11:13:49.606776+00:00,142.1,50,ask,DiligentDonuts,FlawlessFlatbreads,6920277
2026-07-04T11:13:51.652267,2026-07-04T11:13:51.658563+00:00,142.4,50,bid,FlawlessFlatbreads,DiligentDonuts,6920303
2026-07-04T11:13:53.758486,2026-07-04T11:13:53.770446+00:00,142.2,50,bid,FlawlessFlatbreads,EarnestEspressos,6920325
2026-07-04T11:13:54.110748,2026-07-04T11:13:54.117686+00:00,141.8,43,ask,DiligentDonuts,CostlyCorianders,6920328
2026-07-04T11:13:55.865323,2026-07-04T11:13:55.876973+00:00,142.2,50,bid,FlawlessFlatbreads,EarnestEspressos,6920356
2026-07-04T11:13:56.706522,2026-07-04T11:13:56.714646+00:00,142.3,45,bid,CostlyCorianders,DiligentDonuts,6920363
2026-07-04T11:13:56.759773,2026-07-04T11:13:56.771342+00:00,142.2,45,ask,EarnestEspressos,CostlyCorianders,6920366
2026-07-04T11:13:57.217663,2026-07-04T11:13:57.229659+00:00,142.3,40,bid,CostlyCorianders,DiligentDonuts,6920372
2026-07-04T11:13:58.021487,2026-07-04T11:13:58.033515+00:00,142.2,50,ask,EarnestEspressos,FlawlessFlatbreads,6920380
2026-07-04T11:14:00.128574,2026-07-04T11:14:00.140374+00:00,142.1,50,ask,DiligentDonuts,FlawlessFlatbreads,6920408
2026-07-04T11:14:02.248002,2026-07-04T11:14:02.258561+00:00,142.1,50,ask,DiligentDonuts,FlawlessFlatbreads,6920435
2026-07-04T11:14:04.357676,2026-07-04T11:14:04.369303+00:00,141.9,50,ask,EarnestEspressos,FlawlessFlatbreads,6920447
2026-07-04T11:14:05.089624,2026-07-04T11:14:05.101446+00:00,141.9,41,ask,EarnestEspressos,CostlyCorianders,6920460
2026-07-04T11:14:05.678854,2026-07-04T11:14:05.688991+00:00,141.9,11,bid,Xuanyu Liu,EarnestEspressos,6920469
2026-07-04T11:14:05.827349,2026-07-04T11:14:05.835763+00:00,141.9,12,bid,Xuanyu Liu,EarnestEspressos,6920476
2026-07-04T11:14:06.464117,2026-07-04T11:14:06.475767+00:00,141.7,50,ask,DiligentDonuts,FlawlessFlatbreads,6920488
2026-07-04T11:14:07.804147,2026-07-04T11:14:07.815536+00:00,141.9,41,bid,CostlyCorianders,EarnestEspressos,6920506
2026-07-04T11:14:08.251644,2026-07-04T11:14:08.262008+00:00,141.9,11,bid,Xuanyu Liu,EarnestEspressos,6920509
