timestamp,recv_time,price,volume,aggressor_side,buyer,seller,trade_id
2026-07-15T21:00:01.518410,2026-07-15T21:00:01.528558+00:00,66.3,50,bid,,,5440983
2026-07-15T21:00:03.405212,2026-07-15T21:00:03.404175+00:00,66.0,20,ask,,,5441012
2026-07-15T21:00:03.686652,2026-07-15T21:00:03.696005+00:00,66.0,50,ask,,,5441021
2026-07-15T21:00:03.956532,2026-07-15T21:00:03.959681+00:00,66.0,20,ask,,,5441028
2026-07-15T21:00:04.586511,2026-07-15T21:00:04.594521+00:00,66.0,10,ask,,,5441041
2026-07-15T21:00:04.586511,2026-07-15T21:00:04.594521+00:00,66.0,10,ask,,,5441042
2026-07-15T21:00:05.806459,2026-07-15T21:00:05.818449+00:00,66.0,10,ask,,,5441059
2026-07-15T21:00:05.806459,2026-07-15T21:00:05.818449+00:00,66.0,40,ask,,,5441060
2026-07-15T21:00:07.100839,2026-07-15T21:00:07.112249+00:00,66.0,30,ask,,,5441080
2026-07-15T21:00:07.267782,2026-07-15T21:00:07.270048+00:00,66.0,38,ask,,,5441083
2026-07-15T21:00:07.869605,2026-07-15T21:00:07.881100+00:00,66.3,46,bid,,,5441097
2026-07-15T21:00:07.916864,2026-07-15T21:00:07.923251+00:00,66.0,50,ask,,,5441100
2026-07-15T21:00:10.052735,2026-07-15T21:00:10.063355+00:00,66.0,50,ask,,,5441124
2026-07-15T21:00:12.165217,2026-07-15T21:00:12.170381+00:00,66.0,30,ask,,,5441159
2026-07-15T21:00:12.165217,2026-07-15T21:00:12.170381+00:00,66.0,20,ask,,,5441160
2026-07-15T21:00:14.299264,2026-07-15T21:00:14.306153+00:00,65.9,44,ask,,,5441186
2026-07-15T21:00:16.394223,2026-07-15T21:00:16.400224+00:00,65.6,50,ask,,,5441205
2026-07-15T21:00:16.506218,2026-07-15T21:00:16.515771+00:00,66.0,74,bid,,,5441210
2026-07-15T21:00:16.510349,2026-07-15T21:00:16.515771+00:00,66.0,3,bid,,,5441211
2026-07-15T21:00:16.518273,2026-07-15T21:00:16.526348+00:00,66.0,25,bid,,,5441213
2026-07-15T21:00:16.574253,2026-07-15T21:00:16.577286+00:00,66.0,48,bid,,,5441215
2026-07-15T21:00:16.574253,2026-07-15T21:00:16.587902+00:00,66.0,5,bid,,,5441216
2026-07-15T21:00:16.626096,2026-07-15T21:00:16.630797+00:00,66.0,25,bid,,,5441221
2026-07-15T21:00:16.626276,2026-07-15T21:00:16.641411+00:00,66.0,50,bid,,,5441222
2026-07-15T21:00:16.670548,2026-07-15T21:00:16.673305+00:00,66.0,3,bid,,,5441223
2026-07-15T21:00:16.684058,2026-07-15T21:00:16.694475+00:00,66.0,2,bid,,,5441224
2026-07-15T21:00:17.733552,2026-07-15T21:00:17.742263+00:00,65.9,10,ask,,,5441239
2026-07-15T21:00:17.733552,2026-07-15T21:00:17.742263+00:00,65.8,30,ask,,,5441240
2026-07-15T21:00:17.733552,2026-07-15T21:00:17.742263+00:00,65.8,1,ask,,,5441241
2026-07-15T21:00:18.517444,2026-07-15T21:00:18.528151+00:00,65.8,50,ask,,,5441253
2026-07-15T21:00:18.689597,2026-07-15T21:00:18.709909+00:00,66.0,100,bid,,,5441256
2026-07-15T21:00:18.689597,2026-07-15T21:00:18.709909+00:00,66.1,40,bid,,,5441257
2026-07-15T21:00:18.689597,2026-07-15T21:00:18.709909+00:00,66.1,10,bid,,,5441258
2026-07-15T21:00:19.973982,2026-07-15T21:00:19.986509+00:00,66.1,40,bid,,,5441278
2026-07-15T21:00:19.973982,2026-07-15T21:00:19.986509+00:00,66.1,8,bid,,,5441279
2026-07-15T21:00:21.033399,2026-07-15T21:00:21.036891+00:00,65.8,20,ask,,,5441300
2026-07-15T21:00:21.033399,2026-07-15T21:00:21.036891+00:00,65.8,10,ask,,,5441301
2026-07-15T21:00:21.033399,2026-07-15T21:00:21.047513+00:00,65.8,16,ask,,,5441302
2026-07-15T21:00:22.758209,2026-07-15T21:00:22.768348+00:00,65.9,50,ask,,,5441335
2026-07-15T21:00:24.804910,2026-07-15T21:00:24.815311+00:00,66.2,46,bid,,,5441376
2026-07-15T21:00:24.872789,2026-07-15T21:00:24.878456+00:00,65.9,50,ask,,,5441378
2026-07-15T21:00:25.329426,2026-07-15T21:00:25.339114+00:00,66.1,45,bid,,,5441388
2026-07-15T21:00:27.017929,2026-07-15T21:00:27.027822+00:00,65.9,10,ask,,,5441416
2026-07-15T21:00:27.017929,2026-07-15T21:00:27.027822+00:00,65.9,40,ask,,,5441417
2026-07-15T21:00:27.877141,2026-07-15T21:00:27.879255+00:00,65.9,47,ask,,,5441428
2026-07-15T21:00:29.034926,2026-07-15T21:00:29.046457+00:00,66.0,2,bid,,,5441446
2026-07-15T21:00:29.132321,2026-07-15T21:00:29.140734+00:00,65.9,10,ask,,,5441449
2026-07-15T21:00:29.132321,2026-07-15T21:00:29.140734+00:00,65.9,40,ask,,,5441450
2026-07-15T21:00:30.059899,2026-07-15T21:00:30.067568+00:00,66.0,2,bid,,,5441460
2026-07-15T21:00:30.994347,2026-07-15T21:00:30.997799+00:00,66.0,25,bid,,,5441475
2026-07-15T21:00:30.998651,2026-07-15T21:00:31.008375+00:00,66.0,38,bid,,,5441476
2026-07-15T21:00:31.009626,2026-07-15T21:00:31.018977+00:00,66.0,29,bid,,,5441477
2026-07-15T21:00:31.039798,2026-07-15T21:00:31.050785+00:00,66.0,29,bid,,,5441481
2026-07-15T21:00:31.064304,2026-07-15T21:00:31.072079+00:00,66.0,25,bid,,,5441484
2026-07-15T21:00:31.064304,2026-07-15T21:00:31.072079+00:00,66.0,4,bid,,,5441485
2026-07-15T21:00:31.085484,2026-07-15T21:00:31.093781+00:00,66.0,7,bid,,,5441489
2026-07-15T21:00:31.091931,2026-07-15T21:00:31.104901+00:00,66.0,25,bid,,,5441490
2026-07-15T21:00:31.109737,2026-07-15T21:00:31.115679+00:00,66.0,14,bid,,,5441493
2026-07-15T21:00:31.123548,2026-07-15T21:00:31.126446+00:00,66.1,2,bid,,,5441496
2026-07-15T21:00:31.255613,2026-07-15T21:00:31.264160+00:00,65.9,20,ask,,,5441502
2026-07-15T21:00:31.255613,2026-07-15T21:00:31.264160+00:00,65.9,10,ask,,,5441503
2026-07-15T21:00:31.255613,2026-07-15T21:00:31.264160+00:00,65.9,20,ask,,,5441504
2026-07-15T21:00:31.395913,2026-07-15T21:00:31.402308+00:00,66.1,80,bid,,,5441509
2026-07-15T21:00:31.395913,2026-07-15T21:00:31.402308+00:00,66.1,50,bid,,,5441510
2026-07-15T21:00:31.395913,2026-07-15T21:00:31.402308+00:00,66.2,20,bid,,,5441511
2026-07-15T21:00:32.214298,2026-07-15T21:00:32.218219+00:00,65.9,42,ask,,,5441525
2026-07-15T21:00:33.248130,2026-07-15T21:00:33.252373+00:00,66.1,2,bid,,,5441541
2026-07-15T21:00:34.638909,2026-07-15T21:00:34.644707+00:00,66.0,50,ask,,,5441568
2026-07-15T21:00:35.300726,2026-07-15T21:00:35.302384+00:00,66.0,2,bid,,,5441582
2026-07-15T21:00:36.334979,2026-07-15T21:00:36.336713+00:00,66.0,2,bid,,,5441603
2026-07-15T21:00:37.366943,2026-07-15T21:00:37.375105+00:00,66.0,2,bid,,,5441618
2026-07-15T21:00:38.447135,2026-07-15T21:00:38.458566+00:00,65.9,2,bid,,,5441633
2026-07-15T21:00:38.882654,2026-07-15T21:00:38.887121+00:00,65.8,3,bid,,,5441638
2026-07-15T21:00:38.886339,2026-07-15T21:00:38.897731+00:00,65.8,23,bid,,,5441639
2026-07-15T21:00:38.891750,2026-07-15T21:00:38.897731+00:00,65.8,4,bid,,,5441640
2026-07-15T21:00:38.891750,2026-07-15T21:00:38.897731+00:00,65.8,21,bid,,,5441641
2026-07-15T21:00:38.900790,2026-07-15T21:00:38.908425+00:00,65.8,9,bid,,,5441642
2026-07-15T21:00:38.912745,2026-07-15T21:00:38.919006+00:00,65.8,9,bid,,,5441644
2026-07-15T21:00:38.992851,2026-07-15T21:00:39.003267+00:00,65.8,11,bid,,,5441646
2026-07-15T21:00:39.147673,2026-07-15T21:00:39.151102+00:00,65.9,16,bid,,,5441649
2026-07-15T21:00:39.147673,2026-07-15T21:00:39.151102+00:00,65.9,9,bid,,,5441650
2026-07-15T21:00:39.277916,2026-07-15T21:00:39.287358+00:00,65.9,3,bid,,,5441652
2026-07-15T21:00:39.367240,2026-07-15T21:00:39.371846+00:00,65.9,20,bid,,,5441656
2026-07-15T21:00:39.494174,2026-07-15T21:00:39.497581+00:00,65.9,24,bid,,,5441659
2026-07-15T21:00:39.500360,2026-07-15T21:00:39.508126+00:00,66.0,2,bid,,,5441660
2026-07-15T21:00:40.199385,2026-07-15T21:00:40.205300+00:00,66.0,28,bid,,,5441670
2026-07-15T21:00:40.213043,2026-07-15T21:00:40.226562+00:00,66.0,25,bid,,,5441673
2026-07-15T21:00:40.282869,2026-07-15T21:00:40.290035+00:00,66.0,10,bid,,,5441674
2026-07-15T21:00:40.435508,2026-07-15T21:00:40.447509+00:00,66.0,35,bid,,,5441676
2026-07-15T21:00:40.435508,2026-07-15T21:00:40.447509+00:00,66.0,20,bid,,,5441677
2026-07-15T21:00:40.524228,2026-07-15T21:00:40.531612+00:00,66.1,2,bid,,,5441679
2026-07-15T21:00:40.817075,2026-07-15T21:00:40.826441+00:00,66.1,100,bid,,,5441686
2026-07-15T21:00:40.932758,2026-07-15T21:00:40.953082+00:00,66.1,70,bid,,,5441687
2026-07-15T21:00:40.947894,2026-07-15T21:00:40.953082+00:00,66.3,3,ask,,,5441689
2026-07-15T21:00:40.948175,2026-07-15T21:00:40.953082+00:00,66.3,61,ask,,,5441690
2026-07-15T21:00:40.958121,2026-07-15T21:00:40.963840+00:00,66.3,16,ask,,,5441691
2026-07-15T21:00:41.769387,2026-07-15T21:00:41.775731+00:00,66.5,10,bid,,,5441700
2026-07-15T21:00:41.769387,2026-07-15T21:00:41.775731+00:00,66.6,40,bid,,,5441701
2026-07-15T21:00:42.519470,2026-07-15T21:00:42.524140+00:00,66.6,46,bid,,,5441719
2026-07-15T21:00:43.003502,2026-07-15T21:00:43.007980+00:00,65.9,47,ask,,,5441726
2026-07-15T21:00:43.887212,2026-07-15T21:00:43.891278+00:00,66.5,10,bid,,,5441736
2026-07-15T21:00:43.887212,2026-07-15T21:00:43.891278+00:00,66.5,40,bid,,,5441737
2026-07-15T21:00:44.605063,2026-07-15T21:00:44.618209+00:00,66.0,2,bid,,,5441745
2026-07-15T21:00:45.462278,2026-07-15T21:00:45.470948+00:00,66.0,38,bid,,,5441767
2026-07-15T21:00:45.479846,2026-07-15T21:00:45.481471+00:00,66.0,12,bid,,,5441769
2026-07-15T21:00:45.486963,2026-07-15T21:00:45.491976+00:00,66.0,16,bid,,,5441770
2026-07-15T21:00:45.615212,2026-07-15T21:00:45.618489+00:00,66.0,20,bid,,,5441778
2026-07-15T21:00:45.648367,2026-07-15T21:00:45.650838+00:00,66.0,25,bid,,,5441781
2026-07-15T21:00:45.654789,2026-07-15T21:00:45.661510+00:00,66.0,2,bid,,,5441782
2026-07-15T21:00:45.996221,2026-07-15T21:00:45.998484+00:00,66.0,35,bid,,,5441787
2026-07-15T21:00:45.996221,2026-07-15T21:00:46.008973+00:00,66.4,15,bid,,,5441788
2026-07-15T21:00:46.514434,2026-07-15T21:00:46.524585+00:00,66.4,46,bid,,,5441794
2026-07-15T21:00:47.163505,2026-07-15T21:00:47.177506+00:00,66.1,38,ask,,,5441807
2026-07-15T21:00:47.192279,2026-07-15T21:00:47.198736+00:00,66.1,25,ask,,,5441809
2026-07-15T21:00:47.287251,2026-07-15T21:00:47.293753+00:00,66.1,25,ask,,,5441811
2026-07-15T21:00:47.386388,2026-07-15T21:00:47.388641+00:00,66.1,12,ask,,,5441816
2026-07-15T21:00:47.386388,2026-07-15T21:00:47.399187+00:00,66.1,13,ask,,,5441817
2026-07-15T21:00:47.709004,2026-07-15T21:00:47.713414+00:00,66.1,39,ask,,,5441822
2026-07-15T21:00:47.709004,2026-07-15T21:00:47.713414+00:00,66.1,10,ask,,,5441823
2026-07-15T21:00:48.132524,2026-07-15T21:00:48.143856+00:00,66.2,20,bid,,,5441838
2026-07-15T21:00:48.132524,2026-07-15T21:00:48.143856+00:00,66.2,20,bid,,,5441839
2026-07-15T21:00:48.132524,2026-07-15T21:00:48.143856+00:00,66.2,10,bid,,,5441840
2026-07-15T21:00:48.149165,2026-07-15T21:00:48.154588+00:00,66.2,41,bid,,,5441841
2026-07-15T21:00:50.296849,2026-07-15T21:00:50.309400+00:00,66.1,50,ask,,,5441874
2026-07-15T21:00:52.441051,2026-07-15T21:00:52.450372+00:00,65.9,50,ask,,,5441912
2026-07-15T21:00:54.498393,2026-07-15T21:00:54.501559+00:00,66.2,50,bid,,,5441941
2026-07-15T21:00:54.556033,2026-07-15T21:00:54.564561+00:00,66.0,20,ask,,,5441943
2026-07-15T21:00:54.556033,2026-07-15T21:00:54.564561+00:00,66.0,26,ask,,,5441944
2026-07-15T21:00:55.041347,2026-07-15T21:00:55.048473+00:00,66.0,43,ask,,,5441950
2026-07-15T21:00:56.906588,2026-07-15T21:00:56.915832+00:00,66.1,10,bid,,,5441980
2026-07-15T21:00:56.906588,2026-07-15T21:00:56.915832+00:00,66.1,26,bid,,,5441981
2026-07-15T21:00:56.906588,2026-07-15T21:00:56.915832+00:00,66.3,11,bid,,,5441982
2026-07-15T21:00:58.596989,2026-07-15T21:00:58.599100+00:00,66.0,7,ask,,,5442010
2026-07-15T21:00:58.596989,2026-07-15T21:00:58.609632+00:00,66.0,41,ask,,,5442011
2026-07-15T21:00:58.782643,2026-07-15T21:00:58.788850+00:00,66.0,9,ask,,,5442017
2026-07-15T21:00:58.782643,2026-07-15T21:00:58.788850+00:00,65.9,41,ask,,,5442018
2026-07-15T21:01:00.090656,2026-07-15T21:01:00.095268+00:00,66.1,2,bid,,,5442036
2026-07-15T21:01:00.912958,2026-07-15T21:01:00.916829+00:00,65.9,12,ask,,,5442045
2026-07-15T21:01:00.912958,2026-07-15T21:01:00.916829+00:00,65.9,38,ask,,,5442046
2026-07-15T21:01:01.126206,2026-07-15T21:01:01.137128+00:00,66.1,2,bid,,,5442048
2026-07-15T21:01:01.141171,2026-07-15T21:01:01.147772+00:00,66.1,2,bid,,,5442049
2026-07-15T21:01:02.165933,2026-07-15T21:01:02.167591+00:00,66.1,2,bid,,,5442063
2026-07-15T21:01:02.971454,2026-07-15T21:01:02.979155+00:00,66.1,50,bid,,,5442075
2026-07-15T21:01:03.195164,2026-07-15T21:01:03.200298+00:00,66.1,2,bid,,,5442080
2026-07-15T21:01:05.169662,2026-07-15T21:01:05.178950+00:00,66.1,10,ask,,,5442108
2026-07-15T21:01:05.169662,2026-07-15T21:01:05.178950+00:00,66.1,40,ask,,,5442109
2026-07-15T21:01:05.255574,2026-07-15T21:01:05.263415+00:00,66.2,2,bid,,,5442111
2026-07-15T21:01:06.332348,2026-07-15T21:01:06.336661+00:00,66.2,2,bid,,,5442134
2026-07-15T21:01:06.939732,2026-07-15T21:01:06.943192+00:00,66.1,48,ask,,,5442142
2026-07-15T21:01:07.281112,2026-07-15T21:01:07.290863+00:00,66.1,32,ask,,,5442146
2026-07-15T21:01:07.281112,2026-07-15T21:01:07.290863+00:00,66.1,10,ask,,,5442147
2026-07-15T21:01:07.281112,2026-07-15T21:01:07.290863+00:00,66.1,8,ask,,,5442148
2026-07-15T21:01:07.373376,2026-07-15T21:01:07.385742+00:00,66.1,8,ask,,,5442150
2026-07-15T21:01:07.389049,2026-07-15T21:01:07.396494+00:00,66.1,2,ask,,,5442151
2026-07-15T21:01:08.421703,2026-07-15T21:01:08.428736+00:00,66.2,2,bid,,,5442177
2026-07-15T21:01:08.548953,2026-07-15T21:01:08.553947+00:00,66.2,46,bid,,,5442181
2026-07-15T21:01:09.405853,2026-07-15T21:01:09.417764+00:00,66.1,10,ask,,,5442193
2026-07-15T21:01:09.405853,2026-07-15T21:01:09.417764+00:00,66.1,38,ask,,,5442194
2026-07-15T21:01:09.405853,2026-07-15T21:01:09.417764+00:00,66.1,2,ask,,,5442195
2026-07-15T21:01:09.456979,2026-07-15T21:01:09.459839+00:00,66.1,2,ask,,,5442197
2026-07-15T21:01:10.575654,2026-07-15T21:01:10.585657+00:00,66.1,42,bid,,,5442217
2026-07-15T21:01:11.517831,2026-07-15T21:01:11.525233+00:00,66.0,10,ask,,,5442233
2026-07-15T21:01:11.517831,2026-07-15T21:01:11.525233+00:00,66.0,40,ask,,,5442234
2026-07-15T21:01:11.560367,2026-07-15T21:01:11.567595+00:00,66.1,40,bid,,,5442236
2026-07-15T21:01:11.830948,2026-07-15T21:01:11.843591+00:00,66.1,38,bid,,,5442239
2026-07-15T21:01:11.836595,2026-07-15T21:01:11.843591+00:00,66.1,12,bid,,,5442240
2026-07-15T21:01:13.115895,2026-07-15T21:01:13.126525+00:00,66.1,10,ask,,,5442259
2026-07-15T21:01:13.115895,2026-07-15T21:01:13.126525+00:00,66.1,38,ask,,,5442260
2026-07-15T21:01:13.236791,2026-07-15T21:01:13.242019+00:00,66.1,38,ask,,,5442264
2026-07-15T21:01:14.454394,2026-07-15T21:01:14.458685+00:00,66.0,14,bid,,,5442284
2026-07-15T21:01:14.463446,2026-07-15T21:01:14.469301+00:00,66.0,6,bid,,,5442285
2026-07-15T21:01:14.502198,2026-07-15T21:01:14.511360+00:00,66.1,50,bid,,,5442290
2026-07-15T21:01:14.502198,2026-07-15T21:01:14.511360+00:00,66.1,4,bid,,,5442291
2026-07-15T21:01:14.515226,2026-07-15T21:01:14.521931+00:00,66.1,25,bid,,,5442292
2026-07-15T21:01:14.606098,2026-07-15T21:01:14.616642+00:00,66.2,32,bid,,,5442297
2026-07-15T21:01:14.614405,2026-07-15T21:01:14.616642+00:00,66.2,25,bid,,,5442299
2026-07-15T21:01:14.618765,2026-07-15T21:01:14.627205+00:00,66.2,11,bid,,,5442300
2026-07-15T21:01:15.784094,2026-07-15T21:01:15.789028+00:00,66.0,11,ask,,,5442317
2026-07-15T21:01:17.688257,2026-07-15T21:01:17.697469+00:00,66.3,2,bid,,,5442346
2026-07-15T21:01:17.885214,2026-07-15T21:01:17.887139+00:00,66.1,14,ask,,,5442349
2026-07-15T21:01:17.885214,2026-07-15T21:01:17.897821+00:00,66.1,36,ask,,,5442350
2026-07-15T21:01:18.095847,2026-07-15T21:01:18.107724+00:00,66.3,47,bid,,,5442351
2026-07-15T21:01:18.118979,2026-07-15T21:01:18.123931+00:00,66.2,3,ask,,,5442353
2026-07-15T21:01:18.129783,2026-07-15T21:01:18.134559+00:00,66.2,7,ask,,,5442355
2026-07-15T21:01:18.341100,2026-07-15T21:01:18.345304+00:00,66.2,7,ask,,,5442359
2026-07-15T21:01:18.463265,2026-07-15T21:01:18.473175+00:00,66.2,3,ask,,,5442362
2026-07-15T21:01:20.642455,2026-07-15T21:01:20.653658+00:00,66.1,22,bid,,,5442396
2026-07-15T21:01:20.735379,2026-07-15T21:01:20.738000+00:00,66.1,3,bid,,,5442402
2026-07-15T21:01:20.747534,2026-07-15T21:01:20.759222+00:00,66.1,19,bid,,,5442404
2026-07-15T21:01:20.753645,2026-07-15T21:01:20.759222+00:00,66.2,2,bid,,,5442405
2026-07-15T21:01:21.126807,2026-07-15T21:01:21.129889+00:00,66.0,10,ask,,,5442416
2026-07-15T21:01:21.126807,2026-07-15T21:01:21.140471+00:00,66.0,36,ask,,,5442417
2026-07-15T21:01:21.776270,2026-07-15T21:01:21.785988+00:00,66.1,2,bid,,,5442424
2026-07-15T21:01:21.859904,2026-07-15T21:01:21.870989+00:00,66.1,9,bid,,,5442427
2026-07-15T21:01:21.872055,2026-07-15T21:01:21.881740+00:00,66.1,9,bid,,,5442429
2026-07-15T21:01:21.889763,2026-07-15T21:01:21.892401+00:00,66.1,9,bid,,,5442432
2026-07-15T21:01:21.900019,2026-07-15T21:01:21.903133+00:00,66.1,9,bid,,,5442434
2026-07-15T21:01:22.075875,2026-07-15T21:01:22.083143+00:00,66.3,50,bid,,,5442438
2026-07-15T21:01:22.318478,2026-07-15T21:01:22.325717+00:00,66.1,42,ask,,,5442443
2026-07-15T21:01:22.803232,2026-07-15T21:01:22.810270+00:00,66.3,2,bid,,,5442454
2026-07-15T21:01:24.236170,2026-07-15T21:01:24.246924+00:00,66.1,50,ask,,,5442476
2026-07-15T21:01:24.849451,2026-07-15T21:01:24.856399+00:00,66.2,2,bid,,,5442486
2026-07-15T21:01:25.046992,2026-07-15T21:01:25.052442+00:00,66.2,3,bid,,,5442493
2026-07-15T21:01:25.091084,2026-07-15T21:01:25.094928+00:00,66.2,23,bid,,,5442496
2026-07-15T21:01:25.091355,2026-07-15T21:01:25.105568+00:00,66.2,14,bid,,,5442497
2026-07-15T21:01:25.105268,2026-07-15T21:01:25.116261+00:00,66.2,17,bid,,,5442498
2026-07-15T21:01:25.105268,2026-07-15T21:01:25.116261+00:00,66.2,8,bid,,,5442499
2026-07-15T21:01:25.116834,2026-07-15T21:01:25.126831+00:00,66.1,14,ask,,,5442500
2026-07-15T21:01:25.882929,2026-07-15T21:01:25.887549+00:00,66.2,25,bid,,,5442509
2026-07-15T21:01:25.889613,2026-07-15T21:01:25.898117+00:00,66.2,2,bid,,,5442510
2026-07-15T21:01:26.000214,2026-07-15T21:01:26.003521+00:00,66.2,36,bid,,,5442512
2026-07-15T21:01:26.072946,2026-07-15T21:01:26.077033+00:00,66.2,20,bid,,,5442514
2026-07-15T21:01:26.127205,2026-07-15T21:01:26.129444+00:00,66.2,26,bid,,,5442515
2026-07-15T21:01:26.298072,2026-07-15T21:01:26.308985+00:00,66.2,41,bid,,,5442520
2026-07-15T21:01:26.298072,2026-07-15T21:01:26.308985+00:00,66.2,9,bid,,,5442521
2026-07-15T21:01:26.915169,2026-07-15T21:01:26.922667+00:00,66.1,2,bid,,,5442534
2026-07-15T21:01:27.789073,2026-07-15T21:01:27.796837+00:00,66.1,40,bid,,,5442545
2026-07-15T21:01:27.946575,2026-07-15T21:01:27.954828+00:00,66.1,2,bid,,,5442546
2026-07-15T21:01:28.322506,2026-07-15T21:01:28.327833+00:00,66.1,18,bid,,,5442550
2026-07-15T21:01:28.378388,2026-07-15T21:01:28.380887+00:00,66.0,10,ask,,,5442551
2026-07-15T21:01:28.378388,2026-07-15T21:01:28.391475+00:00,66.0,33,ask,,,5442552
2026-07-15T21:01:28.489397,2026-07-15T21:01:28.494431+00:00,66.2,3,ask,,,5442559
2026-07-15T21:01:28.493502,2026-07-15T21:01:28.505052+00:00,66.2,61,ask,,,5442560
2026-07-15T21:01:28.499258,2026-07-15T21:01:28.505052+00:00,66.2,25,ask,,,5442561
2026-07-15T21:01:28.594349,2026-07-15T21:01:28.600138+00:00,66.2,25,ask,,,5442564
2026-07-15T21:01:28.690556,2026-07-15T21:01:28.695200+00:00,66.2,14,ask,,,5442569
2026-07-15T21:01:28.699487,2026-07-15T21:01:28.705824+00:00,66.2,22,ask,,,5442570
2026-07-15T21:01:28.699487,2026-07-15T21:01:28.705824+00:00,66.2,3,ask,,,5442571
2026-07-15T21:01:28.967385,2026-07-15T21:01:28.969622+00:00,66.2,47,ask,,,5442575
2026-07-15T21:01:31.056104,2026-07-15T21:01:31.066563+00:00,66.1,79,ask,,,5442609
2026-07-15T21:01:31.056104,2026-07-15T21:01:31.066563+00:00,66.1,16,ask,,,5442610
2026-07-15T21:01:31.667076,2026-07-15T21:01:31.683513+00:00,66.1,38,bid,,,5442623
2026-07-15T21:01:31.683936,2026-07-15T21:01:31.694149+00:00,66.1,9,bid,,,5442625
2026-07-15T21:01:31.775100,2026-07-15T21:01:31.780061+00:00,66.0,3,bid,,,5442631
2026-07-15T21:01:31.802713,2026-07-15T21:01:31.812756+00:00,66.0,25,bid,,,5442634
2026-07-15T21:01:31.808494,2026-07-15T21:01:31.812756+00:00,66.0,30,bid,,,5442635
2026-07-15T21:01:31.869165,2026-07-15T21:01:31.871036+00:00,66.0,23,bid,,,5442637
2026-07-15T21:01:31.895218,2026-07-15T21:01:31.902697+00:00,66.0,25,bid,,,5442639
2026-07-15T21:01:31.988160,2026-07-15T21:01:31.997434+00:00,66.0,16,bid,,,5442642
2026-07-15T21:01:32.009297,2026-07-15T21:01:32.018492+00:00,66.0,28,bid,,,5442644
2026-07-15T21:01:32.087741,2026-07-15T21:01:32.092113+00:00,66.0,50,bid,,,5442647
2026-07-15T21:01:32.693747,2026-07-15T21:01:32.701411+00:00,65.9,23,ask,,,5442650
2026-07-15T21:01:32.693747,2026-07-15T21:01:32.701411+00:00,65.8,23,ask,,,5442651
2026-07-15T21:01:32.693747,2026-07-15T21:01:32.701411+00:00,65.8,4,ask,,,5442652
2026-07-15T21:01:32.731770,2026-07-15T21:01:32.743621+00:00,66.2,42,bid,,,5442653
2026-07-15T21:01:33.922639,2026-07-15T21:01:33.927699+00:00,66.0,3,bid,,,5442672
2026-07-15T21:01:34.847529,2026-07-15T21:01:34.854051+00:00,66.0,9,ask,,,5442689
2026-07-15T21:01:34.847529,2026-07-15T21:01:34.854051+00:00,66.0,41,ask,,,5442690
2026-07-15T21:01:34.862834,2026-07-15T21:01:34.864625+00:00,66.2,80,bid,,,5442691
2026-07-15T21:01:34.876627,2026-07-15T21:01:34.892652+00:00,66.3,61,ask,,,5442694
2026-07-15T21:01:34.876838,2026-07-15T21:01:34.892652+00:00,66.3,3,ask,,,5442695
2026-07-15T21:01:34.899790,2026-07-15T21:01:34.903306+00:00,66.3,6,ask,,,5442697
2026-07-15T21:01:35.003289,2026-07-15T21:01:35.009355+00:00,66.3,25,ask,,,5442704
2026-07-15T21:01:35.102254,2026-07-15T21:01:35.105957+00:00,66.3,25,ask,,,5442710
2026-07-15T21:01:35.137481,2026-07-15T21:01:35.148147+00:00,66.3,30,ask,,,5442712
2026-07-15T21:01:35.137481,2026-07-15T21:01:35.148147+00:00,66.3,20,ask,,,5442713
2026-07-15T21:01:35.151651,2026-07-15T21:01:35.158757+00:00,66.3,28,ask,,,5442715
2026-07-15T21:01:35.199447,2026-07-15T21:01:35.201027+00:00,66.3,2,ask,,,5442718
2026-07-15T21:01:36.957947,2026-07-15T21:01:36.964315+00:00,66.1,10,ask,,,5442743
2026-07-15T21:01:36.957947,2026-07-15T21:01:36.964315+00:00,66.1,30,ask,,,5442744
2026-07-15T21:01:36.957947,2026-07-15T21:01:36.964315+00:00,66.1,7,ask,,,5442745
2026-07-15T21:01:36.957947,2026-07-15T21:01:36.974846+00:00,66.0,3,ask,,,5442746
2026-07-15T21:01:37.251464,2026-07-15T21:01:37.260635+00:00,66.4,44,bid,,,5442759
2026-07-15T21:01:38.081411,2026-07-15T21:01:38.092060+00:00,66.1,10,ask,,,5442770
2026-07-15T21:01:38.081411,2026-07-15T21:01:38.092060+00:00,66.1,58,ask,,,5442771
2026-07-15T21:01:38.284165,2026-07-15T21:01:38.292024+00:00,65.9,6,ask,,,5442776
2026-07-15T21:01:38.284165,2026-07-15T21:01:38.292024+00:00,65.9,10,ask,,,5442777
2026-07-15T21:01:38.284165,2026-07-15T21:01:38.292024+00:00,65.8,32,ask,,,5442778
2026-07-15T21:01:38.841051,2026-07-15T21:01:38.850230+00:00,66.1,38,bid,,,5442789
2026-07-15T21:01:38.912104,2026-07-15T21:01:38.924178+00:00,66.1,25,bid,,,5442791
2026-07-15T21:01:39.023160,2026-07-15T21:01:39.040500+00:00,66.1,19,bid,,,5442793
2026-07-15T21:01:39.023160,2026-07-15T21:01:39.040500+00:00,66.1,31,bid,,,5442794
2026-07-15T21:01:39.048084,2026-07-15T21:01:39.061823+00:00,66.1,8,bid,,,5442796
2026-07-15T21:01:39.289123,2026-07-15T21:01:39.293282+00:00,66.1,19,bid,,,5442799
2026-07-15T21:01:39.289123,2026-07-15T21:01:39.293282+00:00,66.1,6,bid,,,5442800
2026-07-15T21:01:39.366487,2026-07-15T21:01:39.377773+00:00,66.1,22,bid,,,5442803
2026-07-15T21:01:39.366487,2026-07-15T21:01:39.377773+00:00,66.3,23,bid,,,5442804
2026-07-15T21:01:39.855956,2026-07-15T21:01:39.863987+00:00,66.0,4,ask,,,5442814
2026-07-15T21:01:39.855956,2026-07-15T21:01:39.863987+00:00,65.9,4,ask,,,5442815
2026-07-15T21:01:39.855956,2026-07-15T21:01:39.863987+00:00,65.9,38,ask,,,5442816
2026-07-15T21:01:40.874017,2026-07-15T21:01:40.878306+00:00,66.1,5,bid,,,5442834
2026-07-15T21:01:41.189938,2026-07-15T21:01:41.206690+00:00,65.9,42,ask,,,5442845
2026-07-15T21:01:41.189938,2026-07-15T21:01:41.206690+00:00,65.9,6,ask,,,5442846
2026-07-15T21:01:41.189938,2026-07-15T21:01:41.206690+00:00,65.7,2,ask,,,5442847
2026-07-15T21:01:41.203386,2026-07-15T21:01:41.206690+00:00,66.2,50,bid,,,5442848
2026-07-15T21:01:41.203386,2026-07-15T21:01:41.217349+00:00,66.2,80,bid,,,5442849
2026-07-15T21:01:41.203386,2026-07-15T21:01:41.217349+00:00,66.2,20,bid,,,5442850
2026-07-15T21:01:45.424010,2026-07-15T21:01:45.427570+00:00,65.9,50,ask,,,5442905
2026-07-15T21:01:46.033707,2026-07-15T21:01:46.037389+00:00,66.2,43,bid,,,5442911
2026-07-15T21:01:46.527667,2026-07-15T21:01:46.535351+00:00,65.9,48,ask,,,5442917
2026-07-15T21:01:47.566299,2026-07-15T21:01:47.580826+00:00,65.9,50,ask,,,5442932
2026-07-15T21:01:47.598320,2026-07-15T21:01:47.602005+00:00,66.1,49,bid,,,5442934
2026-07-15T21:01:47.636347,2026-07-15T21:01:47.645087+00:00,66.1,20,bid,,,5442937
2026-07-15T21:01:47.661635,2026-07-15T21:01:47.666445+00:00,66.1,30,bid,,,5442938
2026-07-15T21:01:48.253088,2026-07-15T21:01:48.255978+00:00,66.1,1,bid,,,5442954
2026-07-15T21:01:48.253088,2026-07-15T21:01:48.266539+00:00,66.1,19,bid,,,5442955
2026-07-15T21:01:48.442084,2026-07-15T21:01:48.444790+00:00,66.1,25,bid,,,5442958
2026-07-15T21:01:48.527291,2026-07-15T21:01:48.536662+00:00,66.1,23,bid,,,5442959
2026-07-15T21:01:48.531851,2026-07-15T21:01:48.536662+00:00,66.1,3,bid,,,5442960
2026-07-15T21:01:48.709205,2026-07-15T21:01:48.715916+00:00,66.1,10,bid,,,5442963
2026-07-15T21:01:49.674221,2026-07-15T21:01:49.685239+00:00,66.0,3,ask,,,5442978
2026-07-15T21:01:49.674221,2026-07-15T21:01:49.685239+00:00,66.0,10,ask,,,5442979
2026-07-15T21:01:49.674221,2026-07-15T21:01:49.685239+00:00,65.8,37,ask,,,5442980
2026-07-15T21:01:50.819777,2026-07-15T21:01:50.830365+00:00,66.1,10,bid,,,5443000
2026-07-15T21:01:51.043500,2026-07-15T21:01:51.053940+00:00,66.1,30,bid,,,5443003
2026-07-15T21:01:51.145654,2026-07-15T21:01:51.150089+00:00,66.1,40,bid,,,5443006
2026-07-15T21:01:51.494833,2026-07-15T21:01:51.497233+00:00,66.1,20,bid,,,5443014
2026-07-15T21:01:51.559011,2026-07-15T21:01:51.570609+00:00,66.1,40,bid,,,5443015
2026-07-15T21:01:51.800590,2026-07-15T21:01:51.803660+00:00,66.0,2,ask,,,5443020
2026-07-15T21:01:51.800590,2026-07-15T21:01:51.814225+00:00,65.9,2,ask,,,5443021
2026-07-15T21:01:51.800590,2026-07-15T21:01:51.814225+00:00,65.9,46,ask,,,5443022
2026-07-15T21:01:52.653688,2026-07-15T21:01:52.663827+00:00,66.1,10,bid,,,5443043
2026-07-15T21:01:53.862737,2026-07-15T21:01:53.867852+00:00,66.2,50,bid,,,5443074
2026-07-15T21:01:54.007708,2026-07-15T21:01:54.013338+00:00,66.1,61,ask,,,5443078
2026-07-15T21:01:54.007965,2026-07-15T21:01:54.013338+00:00,66.1,3,ask,,,5443079
2026-07-15T21:01:54.061371,2026-07-15T21:01:54.066415+00:00,66.1,25,ask,,,5443082
2026-07-15T21:01:54.179491,2026-07-15T21:01:54.183076+00:00,66.1,25,ask,,,5443085
2026-07-15T21:01:54.185122,2026-07-15T21:01:54.193716+00:00,66.1,10,ask,,,5443086
2026-07-15T21:01:54.580270,2026-07-15T21:01:54.582580+00:00,66.1,26,ask,,,5443091
2026-07-15T21:01:55.823326,2026-07-15T21:01:55.827633+00:00,66.0,7,bid,,,5443110
2026-07-15T21:01:55.878095,2026-07-15T21:01:55.880499+00:00,66.0,25,bid,,,5443113
2026-07-15T21:01:55.964571,2026-07-15T21:01:55.975674+00:00,66.0,31,bid,,,5443114
2026-07-15T21:01:55.978085,2026-07-15T21:01:55.986265+00:00,66.0,25,bid,,,5443116
2026-07-15T21:01:55.978085,2026-07-15T21:01:55.986265+00:00,66.1,25,bid,,,5443117
2026-07-15T21:01:56.168499,2026-07-15T21:01:56.176160+00:00,66.1,25,bid,,,5443123
2026-07-15T21:01:56.168499,2026-07-15T21:01:56.176160+00:00,66.1,15,bid,,,5443124
2026-07-15T21:01:57.172047,2026-07-15T21:01:57.182270+00:00,65.9,41,bid,,,5443139
2026-07-15T21:01:57.205387,2026-07-15T21:01:57.213850+00:00,65.9,25,bid,,,5443141
2026-07-15T21:01:57.534012,2026-07-15T21:01:57.536727+00:00,65.9,31,bid,,,5443145
2026-07-15T21:01:57.641927,2026-07-15T21:01:57.650199+00:00,65.9,20,bid,,,5443149
2026-07-15T21:01:57.682606,2026-07-15T21:01:57.692859+00:00,65.9,25,bid,,,5443151
2026-07-15T21:01:57.838296,2026-07-15T21:01:57.847188+00:00,65.9,8,bid,,,5443158
2026-07-15T21:01:58.088392,2026-07-15T21:01:58.099685+00:00,66.2,50,bid,,,5443162
2026-07-15T21:01:59.281090,2026-07-15T21:01:59.295924+00:00,66.1,10,bid,,,5443188
2026-07-15T21:01:59.281090,2026-07-15T21:01:59.295924+00:00,66.1,22,bid,,,5443189
2026-07-15T21:01:59.300775,2026-07-15T21:01:59.306970+00:00,66.1,11,bid,,,5443192
2026-07-15T21:01:59.346680,2026-07-15T21:01:59.349932+00:00,66.1,14,bid,,,5443194
2026-07-15T21:01:59.538783,2026-07-15T21:01:59.540644+00:00,66.1,20,bid,,,5443201
2026-07-15T21:01:59.746617,2026-07-15T21:01:59.756107+00:00,66.1,11,bid,,,5443210
2026-07-15T21:02:00.153336,2026-07-15T21:02:00.155590+00:00,66.1,20,bid,,,5443220
2026-07-15T21:02:00.275707,2026-07-15T21:02:00.283221+00:00,66.1,29,bid,,,5443226
2026-07-15T21:02:00.275707,2026-07-15T21:02:00.283221+00:00,66.1,13,bid,,,5443227
2026-07-15T21:02:00.289944,2026-07-15T21:02:00.293936+00:00,66.2,38,ask,,,5443228
2026-07-15T21:02:00.348761,2026-07-15T21:02:00.356990+00:00,66.2,25,ask,,,5443230
2026-07-15T21:02:00.440422,2026-07-15T21:02:00.451385+00:00,66.2,25,ask,,,5443232
2026-07-15T21:02:00.578988,2026-07-15T21:02:00.587266+00:00,66.2,20,ask,,,5443233
2026-07-15T21:02:00.776617,2026-07-15T21:02:00.786867+00:00,66.0,2,ask,,,5443238
2026-07-15T21:02:01.878007,2026-07-15T21:02:01.884433+00:00,66.0,46,ask,,,5443251
2026-07-15T21:02:01.889832,2026-07-15T21:02:01.894993+00:00,66.0,2,ask,,,5443252
2026-07-15T21:02:02.383001,2026-07-15T21:02:02.391737+00:00,66.0,50,ask,,,5443262
2026-07-15T21:02:03.288947,2026-07-15T21:02:03.301542+00:00,66.0,3,ask,,,5443284
2026-07-15T21:02:03.288947,2026-07-15T21:02:03.301542+00:00,66.0,37,ask,,,5443285
2026-07-15T21:02:03.304826,2026-07-15T21:02:03.312166+00:00,66.0,20,bid,,,5443287
2026-07-15T21:02:03.508099,2026-07-15T21:02:03.518881+00:00,65.9,38,bid,,,5443291
2026-07-15T21:02:03.521032,2026-07-15T21:02:03.529462+00:00,65.9,21,bid,,,5443293
2026-07-15T21:02:03.537989,2026-07-15T21:02:03.540027+00:00,65.9,13,bid,,,5443296
2026-07-15T21:02:03.597802,2026-07-15T21:02:03.603286+00:00,65.9,25,bid,,,5443300
2026-07-15T21:02:03.610414,2026-07-15T21:02:03.613950+00:00,65.9,21,bid,,,5443301
2026-07-15T21:02:03.691811,2026-07-15T21:02:03.697942+00:00,65.9,25,bid,,,5443304
2026-07-15T21:02:03.973213,2026-07-15T21:02:03.983016+00:00,65.9,7,bid,,,5443310
2026-07-15T21:02:03.973213,2026-07-15T21:02:03.983016+00:00,65.9,18,bid,,,5443311
2026-07-15T21:02:04.465699,2026-07-15T21:02:04.478284+00:00,66.0,40,bid,,,5443320
2026-07-15T21:02:04.465699,2026-07-15T21:02:04.478284+00:00,66.0,10,bid,,,5443321
2026-07-15T21:02:04.480380,2026-07-15T21:02:04.488869+00:00,65.6,3,ask,,,5443322
2026-07-15T21:02:04.480380,2026-07-15T21:02:04.488869+00:00,65.5,39,ask,,,5443323
2026-07-15T21:02:04.566775,2026-07-15T21:02:04.571268+00:00,66.0,40,bid,,,5443326
2026-07-15T21:02:05.009140,2026-07-15T21:02:05.013981+00:00,65.7,2,ask,,,5443336
2026-07-15T21:02:05.009140,2026-07-15T21:02:05.013981+00:00,65.6,2,ask,,,5443337
2026-07-15T21:02:05.009140,2026-07-15T21:02:05.024669+00:00,65.6,36,ask,,,5443338
2026-07-15T21:02:06.639688,2026-07-15T21:02:06.645251+00:00,65.7,50,ask,,,5443366
2026-07-15T21:02:07.051809,2026-07-15T21:02:07.057176+00:00,65.7,31,ask,,,5443373
2026-07-15T21:02:08.751205,2026-07-15T21:02:08.759988+00:00,65.7,50,ask,,,5443399
2026-07-15T21:02:09.120957,2026-07-15T21:02:09.127067+00:00,65.7,2,ask,,,5443404
2026-07-15T21:02:10.168873,2026-07-15T21:02:10.178080+00:00,65.6,25,bid,,,5443413
2026-07-15T21:02:10.431680,2026-07-15T21:02:10.440718+00:00,65.6,14,bid,,,5443420
2026-07-15T21:02:10.858411,2026-07-15T21:02:10.861574+00:00,65.4,50,ask,,,5443424
2026-07-15T21:02:11.019816,2026-07-15T21:02:11.029537+00:00,65.6,45,bid,,,5443426
2026-07-15T21:02:12.224310,2026-07-15T21:02:12.229612+00:00,65.6,25,bid,,,5443454
2026-07-15T21:02:12.934930,2026-07-15T21:02:12.943999+00:00,65.6,80,bid,,,5443464
2026-07-15T21:02:12.945076,2026-07-15T21:02:12.954547+00:00,65.6,7,ask,,,5443465
2026-07-15T21:02:12.974360,2026-07-15T21:02:12.985917+00:00,65.6,50,ask,,,5443466
2026-07-15T21:02:14.049813,2026-07-15T21:02:14.059124+00:00,65.6,13,ask,,,5443487
2026-07-15T21:02:14.049813,2026-07-15T21:02:14.059124+00:00,65.3,36,ask,,,5443488
2026-07-15T21:02:15.031693,2026-07-15T21:02:15.038442+00:00,65.8,50,bid,,,5443501
2026-07-15T21:02:16.162839,2026-07-15T21:02:16.175095+00:00,65.4,23,bid,,,5443520
2026-07-15T21:02:16.169518,2026-07-15T21:02:16.175095+00:00,65.4,3,bid,,,5443521
2026-07-15T21:02:16.189994,2026-07-15T21:02:16.196293+00:00,65.4,13,bid,,,5443522
2026-07-15T21:02:16.216319,2026-07-15T21:02:16.228129+00:00,65.4,25,bid,,,5443525
2026-07-15T21:02:16.245014,2026-07-15T21:02:16.249363+00:00,65.4,28,bid,,,5443526
2026-07-15T21:02:16.309186,2026-07-15T21:02:16.312543+00:00,65.4,45,bid,,,5443528
2026-07-15T21:02:16.319135,2026-07-15T21:02:16.323060+00:00,65.4,13,bid,,,5443530
2026-07-15T21:02:17.173420,2026-07-15T21:02:17.176684+00:00,65.7,50,bid,,,5443542
2026-07-15T21:02:18.885687,2026-07-15T21:02:18.890199+00:00,65.7,48,bid,,,5443579
2026-07-15T21:02:19.076480,2026-07-15T21:02:19.080612+00:00,65.7,80,bid,,,5443588
2026-07-15T21:02:19.076480,2026-07-15T21:02:19.091119+00:00,65.7,20,bid,,,5443589
2026-07-15T21:02:19.287454,2026-07-15T21:02:19.290472+00:00,65.7,20,bid,,,5443591
2026-07-15T21:02:19.287454,2026-07-15T21:02:19.301021+00:00,65.7,30,bid,,,5443592
2026-07-15T21:02:19.422539,2026-07-15T21:02:19.428250+00:00,65.6,2,ask,,,5443595
2026-07-15T21:02:20.038684,2026-07-15T21:02:20.048113+00:00,65.7,45,bid,,,5443605
2026-07-15T21:02:20.122444,2026-07-15T21:02:20.127936+00:00,65.6,3,ask,,,5443606
2026-07-15T21:02:20.355240,2026-07-15T21:02:20.359848+00:00,65.7,2,bid,,,5443613
2026-07-15T21:02:20.355240,2026-07-15T21:02:20.359848+00:00,65.7,30,bid,,,5443614
2026-07-15T21:02:20.412306,2026-07-15T21:02:20.423016+00:00,65.7,10,bid,,,5443616
2026-07-15T21:02:20.460253,2026-07-15T21:02:20.465300+00:00,65.6,68,ask,,,5443621
2026-07-15T21:02:21.398459,2026-07-15T21:02:21.402988+00:00,66.0,50,bid,,,5443644
2026-07-15T21:02:23.506356,2026-07-15T21:02:23.514263+00:00,65.8,40,bid,,,5443677
2026-07-15T21:02:23.506356,2026-07-15T21:02:23.514263+00:00,65.8,10,bid,,,5443678
2026-07-15T21:02:23.772402,2026-07-15T21:02:23.788828+00:00,65.7,10,ask,,,5443683
2026-07-15T21:02:23.772402,2026-07-15T21:02:23.788828+00:00,65.7,4,ask,,,5443684
2026-07-15T21:02:24.711220,2026-07-15T21:02:24.715494+00:00,65.7,30,ask,,,5443707
2026-07-15T21:02:24.711220,2026-07-15T21:02:24.715494+00:00,65.7,10,ask,,,5443708
2026-07-15T21:02:24.711220,2026-07-15T21:02:24.726033+00:00,65.7,1,ask,,,5443709
2026-07-15T21:02:25.598747,2026-07-15T21:02:25.603826+00:00,65.8,3,bid,,,5443726
2026-07-15T21:02:25.604321,2026-07-15T21:02:25.614944+00:00,65.8,10,bid,,,5443727
2026-07-15T21:02:25.654743,2026-07-15T21:02:25.668765+00:00,65.8,21,bid,,,5443731
2026-07-15T21:02:25.654743,2026-07-15T21:02:25.668765+00:00,65.8,5,bid,,,5443732
2026-07-15T21:02:25.654743,2026-07-15T21:02:25.668765+00:00,66.0,24,bid,,,5443733
2026-07-15T21:02:25.701472,2026-07-15T21:02:25.711788+00:00,65.9,20,bid,,,5443735
2026-07-15T21:02:26.152390,2026-07-15T21:02:26.153951+00:00,65.9,20,bid,,,5443742
2026-07-15T21:02:26.593252,2026-07-15T21:02:26.601555+00:00,65.9,25,bid,,,5443751
2026-07-15T21:02:26.767620,2026-07-15T21:02:26.769774+00:00,65.9,20,bid,,,5443756
2026-07-15T21:02:27.774929,2026-07-15T21:02:27.784986+00:00,65.9,50,bid,,,5443782
2026-07-15T21:02:27.821486,2026-07-15T21:02:27.827071+00:00,65.5,42,ask,,,5443783
2026-07-15T21:02:28.658127,2026-07-15T21:02:28.668755+00:00,65.9,15,bid,,,5443803
2026-07-15T21:02:28.658127,2026-07-15T21:02:28.668755+00:00,65.9,10,bid,,,5443804
2026-07-15T21:02:28.697427,2026-07-15T21:02:28.700545+00:00,65.9,20,bid,,,5443806
2026-07-15T21:02:28.765299,2026-07-15T21:02:28.774692+00:00,65.9,30,bid,,,5443809
2026-07-15T21:02:28.765299,2026-07-15T21:02:28.774692+00:00,66.0,100,bid,,,5443810
2026-07-15T21:02:28.827886,2026-07-15T21:02:28.833120+00:00,66.2,3,ask,,,5443812
2026-07-15T21:02:28.835473,2026-07-15T21:02:28.843701+00:00,66.2,17,ask,,,5443813
2026-07-15T21:02:29.898690,2026-07-15T21:02:29.908723+00:00,66.6,10,bid,,,5443830
2026-07-15T21:02:29.898690,2026-07-15T21:02:29.908723+00:00,66.7,40,bid,,,5443831
2026-07-15T21:02:32.012601,2026-07-15T21:02:32.022028+00:00,66.3,50,bid,,,5443862
2026-07-15T21:02:32.471264,2026-07-15T21:02:32.476418+00:00,66.2,7,bid,,,5443874
2026-07-15T21:02:32.471264,2026-07-15T21:02:32.486988+00:00,66.3,42,bid,,,5443875
2026-07-15T21:02:34.034799,2026-07-15T21:02:34.045389+00:00,66.1,7,ask,,,5443888
2026-07-15T21:02:34.149268,2026-07-15T21:02:34.161432+00:00,66.2,10,bid,,,5443890
2026-07-15T21:02:34.149268,2026-07-15T21:02:34.161432+00:00,66.2,40,bid,,,5443891
2026-07-15T21:02:34.855439,2026-07-15T21:02:34.867248+00:00,66.0,37,ask,,,5443905
2026-07-15T21:02:34.912964,2026-07-15T21:02:34.920228+00:00,66.0,23,ask,,,5443907
2026-07-15T21:02:34.912964,2026-07-15T21:02:34.920228+00:00,66.0,2,ask,,,5443908
2026-07-15T21:02:35.013016,2026-07-15T21:02:35.017127+00:00,66.0,20,ask,,,5443914
2026-07-15T21:02:35.013016,2026-07-15T21:02:35.017127+00:00,66.0,5,ask,,,5443915
2026-07-15T21:02:35.068971,2026-07-15T21:02:35.070614+00:00,66.0,14,ask,,,5443917
2026-07-15T21:02:35.109572,2026-07-15T21:02:35.113098+00:00,66.0,25,ask,,,5443919
2026-07-15T21:02:35.614903,2026-07-15T21:02:35.617097+00:00,66.0,11,ask,,,5443925
2026-07-15T21:02:35.614903,2026-07-15T21:02:35.627584+00:00,66.0,31,ask,,,5443926
2026-07-15T21:02:35.882001,2026-07-15T21:02:35.890540+00:00,66.0,2,ask,,,5443929
2026-07-15T21:02:36.273409,2026-07-15T21:02:36.282089+00:00,66.1,45,bid,,,5443938
2026-07-15T21:02:36.273409,2026-07-15T21:02:36.282089+00:00,66.1,5,bid,,,5443939
2026-07-15T21:02:36.720024,2026-07-15T21:02:36.724779+00:00,66.1,5,bid,,,5443950
2026-07-15T21:02:36.720024,2026-07-15T21:02:36.735385+00:00,66.1,36,bid,,,5443951
2026-07-15T21:02:36.911259,2026-07-15T21:02:36.913789+00:00,66.1,2,bid,,,5443954
2026-07-15T21:02:37.954122,2026-07-15T21:02:37.961084+00:00,66.0,40,ask,,,5443975
2026-07-15T21:02:37.960929,2026-07-15T21:02:37.971632+00:00,66.0,2,ask,,,5443976
2026-07-15T21:02:38.384007,2026-07-15T21:02:38.392038+00:00,66.1,7,bid,,,5443985
2026-07-15T21:02:38.384007,2026-07-15T21:02:38.392038+00:00,66.1,43,bid,,,5443986
2026-07-15T21:02:38.990788,2026-07-15T21:02:39.001872+00:00,66.0,2,ask,,,5443996
2026-07-15T21:02:40.019893,2026-07-15T21:02:40.026488+00:00,66.0,2,ask,,,5444008
2026-07-15T21:02:40.496400,2026-07-15T21:02:40.502423+00:00,66.1,10,bid,,,5444012
2026-07-15T21:02:40.496400,2026-07-15T21:02:40.502423+00:00,66.1,31,bid,,,5444013
2026-07-15T21:02:40.496400,2026-07-15T21:02:40.513015+00:00,66.2,9,bid,,,5444014
2026-07-15T21:02:42.620887,2026-07-15T21:02:42.635775+00:00,66.2,5,bid,,,5444058
2026-07-15T21:02:42.620887,2026-07-15T21:02:42.635775+00:00,66.3,5,bid,,,5444059
2026-07-15T21:02:42.620887,2026-07-15T21:02:42.635775+00:00,66.3,10,bid,,,5444060
2026-07-15T21:02:42.620887,2026-07-15T21:02:42.635775+00:00,66.4,30,bid,,,5444061
2026-07-15T21:02:42.769016,2026-07-15T21:02:42.774748+00:00,66.1,43,ask,,,5444067
2026-07-15T21:02:43.824501,2026-07-15T21:02:43.838026+00:00,66.0,17,ask,,,5444082
2026-07-15T21:02:43.824501,2026-07-15T21:02:43.838026+00:00,65.9,32,ask,,,5444083
2026-07-15T21:02:46.882894,2026-07-15T21:02:46.895825+00:00,66.2,50,bid,,,5444131
2026-07-15T21:02:48.994666,2026-07-15T21:02:49.002759+00:00,66.4,50,bid,,,5444165
2026-07-15T21:02:50.102069,2026-07-15T21:02:50.107664+00:00,66.4,42,bid,,,5444176
2026-07-15T21:02:52.324787,2026-07-15T21:02:52.337536+00:00,66.4,41,bid,,,5444200
2026-07-15T21:02:52.380110,2026-07-15T21:02:52.385843+00:00,66.0,49,ask,,,5444202
2026-07-15T21:02:53.214112,2026-07-15T21:02:53.225294+00:00,66.4,50,bid,,,5444217
2026-07-15T21:02:54.033150,2026-07-15T21:02:54.048735+00:00,66.0,42,ask,,,5444224
2026-07-15T21:02:54.033150,2026-07-15T21:02:54.048735+00:00,66.0,2,ask,,,5444225
2026-07-15T21:02:54.145497,2026-07-15T21:02:54.154829+00:00,66.1,42,ask,,,5444231
2026-07-15T21:02:54.206785,2026-07-15T21:02:54.217775+00:00,66.1,25,ask,,,5444233
2026-07-15T21:02:54.285012,2026-07-15T21:02:54.291386+00:00,66.1,14,ask,,,5444239
2026-07-15T21:02:54.292208,2026-07-15T21:02:54.301916+00:00,66.1,25,ask,,,5444240
2026-07-15T21:02:54.307899,2026-07-15T21:02:54.312509+00:00,66.1,25,ask,,,5444243
2026-07-15T21:02:54.455594,2026-07-15T21:02:54.459515+00:00,66.1,19,ask,,,5444246
2026-07-15T21:02:55.135734,2026-07-15T21:02:55.138430+00:00,66.2,48,bid,,,5444255
2026-07-15T21:02:55.338923,2026-07-15T21:02:55.351142+00:00,66.2,50,bid,,,5444262
2026-07-15T21:02:55.611781,2026-07-15T21:02:55.623822+00:00,66.1,10,ask,,,5444268
2026-07-15T21:02:55.611781,2026-07-15T21:02:55.623822+00:00,66.1,35,ask,,,5444269
2026-07-15T21:02:55.975247,2026-07-15T21:02:55.980824+00:00,66.2,2,bid,,,5444280
2026-07-15T21:02:55.975247,2026-07-15T21:02:55.980824+00:00,66.2,40,bid,,,5444281
2026-07-15T21:02:56.340093,2026-07-15T21:02:56.347921+00:00,66.2,5,bid,,,5444295
2026-07-15T21:02:57.201549,2026-07-15T21:02:57.206515+00:00,66.3,3,ask,,,5444308
2026-07-15T21:02:57.206100,2026-07-15T21:02:57.217090+00:00,66.3,61,ask,,,5444310
2026-07-15T21:02:57.231443,2026-07-15T21:02:57.238441+00:00,66.3,25,ask,,,5444311
2026-07-15T21:02:57.240891,2026-07-15T21:02:57.248977+00:00,66.3,11,ask,,,5444313
2026-07-15T21:02:57.360533,2026-07-15T21:02:57.364836+00:00,66.1,10,ask,,,5444317
2026-07-15T21:02:57.360533,2026-07-15T21:02:57.375353+00:00,66.1,66,ask,,,5444318
2026-07-15T21:02:57.449569,2026-07-15T21:02:57.459728+00:00,66.1,50,bid,,,5444322
2026-07-15T21:02:57.671960,2026-07-15T21:02:57.676918+00:00,66.0,3,bid,,,5444328
2026-07-15T21:02:58.420601,2026-07-15T21:02:58.424798+00:00,66.0,2,bid,,,5444336
2026-07-15T21:02:58.532641,2026-07-15T21:02:58.541126+00:00,66.0,18,bid,,,5444341
2026-07-15T21:02:58.532641,2026-07-15T21:02:58.541126+00:00,66.0,20,bid,,,5444342
2026-07-15T21:02:58.669242,2026-07-15T21:02:58.677969+00:00,66.1,23,bid,,,5444344
2026-07-15T21:02:59.577091,2026-07-15T21:02:59.585074+00:00,66.1,1,bid,,,5444358
2026-07-15T21:02:59.577091,2026-07-15T21:02:59.585074+00:00,66.8,49,bid,,,5444359
2026-07-15T21:02:59.673061,2026-07-15T21:02:59.680153+00:00,66.7,7,bid,,,5444363
2026-07-15T21:02:59.673061,2026-07-15T21:02:59.680153+00:00,66.7,22,bid,,,5444364
2026-07-15T21:02:59.673061,2026-07-15T21:02:59.680153+00:00,66.8,17,bid,,,5444365
2026-07-15T21:03:00.490393,2026-07-15T21:03:00.491974+00:00,66.2,42,ask,,,5444381
2026-07-15T21:03:00.513714,2026-07-15T21:03:00.523631+00:00,66.2,45,ask,,,5444382
2026-07-15T21:03:00.838362,2026-07-15T21:03:00.840055+00:00,66.2,6,ask,,,5444388
2026-07-15T21:03:01.691090,2026-07-15T21:03:01.695697+00:00,66.4,7,bid,,,5444404
2026-07-15T21:03:01.691090,2026-07-15T21:03:01.695697+00:00,66.5,43,bid,,,5444405
2026-07-15T21:03:02.808677,2026-07-15T21:03:02.821496+00:00,66.2,41,ask,,,5444423
2026-07-15T21:03:03.424309,2026-07-15T21:03:03.435616+00:00,66.4,5,bid,,,5444438
2026-07-15T21:03:03.543196,2026-07-15T21:03:03.551013+00:00,66.4,25,ask,,,5444440
2026-07-15T21:03:03.697064,2026-07-15T21:03:03.708113+00:00,66.4,70,ask,,,5444444
2026-07-15T21:03:03.697064,2026-07-15T21:03:03.708113+00:00,66.4,80,ask,,,5444445
2026-07-15T21:03:03.811879,2026-07-15T21:03:03.834761+00:00,66.5,5,bid,,,5444448
2026-07-15T21:03:03.811879,2026-07-15T21:03:03.834761+00:00,66.7,5,bid,,,5444449
2026-07-15T21:03:03.811879,2026-07-15T21:03:03.834761+00:00,66.9,40,bid,,,5444450
2026-07-15T21:03:05.988650,2026-07-15T21:03:05.996653+00:00,66.4,20,ask,,,5444488
2026-07-15T21:03:05.988650,2026-07-15T21:03:05.996653+00:00,66.3,30,ask,,,5444489
2026-07-15T21:03:06.865645,2026-07-15T21:03:06.870837+00:00,66.4,3,ask,,,5444503
2026-07-15T21:03:06.865884,2026-07-15T21:03:06.870837+00:00,66.4,19,ask,,,5444504
2026-07-15T21:03:06.879136,2026-07-15T21:03:06.881552+00:00,66.4,31,ask,,,5444505
2026-07-15T21:03:06.971342,2026-07-15T21:03:06.976776+00:00,66.4,15,ask,,,5444510
2026-07-15T21:03:07.031556,2026-07-15T21:03:07.040317+00:00,66.6,49,bid,,,5444513
2026-07-15T21:03:07.328265,2026-07-15T21:03:07.334372+00:00,66.4,30,ask,,,5444516
2026-07-15T21:03:07.693942,2026-07-15T21:03:07.703240+00:00,66.4,43,ask,,,5444517
2026-07-15T21:03:08.058623,2026-07-15T21:03:08.072922+00:00,66.6,50,bid,,,5444522
2026-07-15T21:03:09.127771,2026-07-15T21:03:09.134569+00:00,66.4,9,ask,,,5444538
2026-07-15T21:03:09.127771,2026-07-15T21:03:09.134569+00:00,66.4,2,ask,,,5444539
2026-07-15T21:03:09.179232,2026-07-15T21:03:09.187454+00:00,66.4,14,ask,,,5444541
2026-07-15T21:03:09.249259,2026-07-15T21:03:09.251218+00:00,66.4,4,ask,,,5444542
2026-07-15T21:03:10.066612,2026-07-15T21:03:10.069479+00:00,66.3,100,ask,,,5444561
2026-07-15T21:03:10.080747,2026-07-15T21:03:10.086647+00:00,66.2,11,bid,,,5444562
2026-07-15T21:03:10.229260,2026-07-15T21:03:10.234941+00:00,65.8,22,ask,,,5444564
2026-07-15T21:03:10.229260,2026-07-15T21:03:10.234941+00:00,65.7,28,ask,,,5444565
2026-07-15T21:03:10.450561,2026-07-15T21:03:10.464697+00:00,66.2,39,bid,,,5444570
2026-07-15T21:03:10.450561,2026-07-15T21:03:10.464697+00:00,66.2,20,bid,,,5444571
2026-07-15T21:03:10.450561,2026-07-15T21:03:10.464697+00:00,66.2,6,bid,,,5444572
2026-07-15T21:03:10.459267,2026-07-15T21:03:10.464697+00:00,66.2,3,bid,,,5444573
2026-07-15T21:03:10.514896,2026-07-15T21:03:10.518521+00:00,66.2,25,bid,,,5444575
2026-07-15T21:03:10.556247,2026-07-15T21:03:10.560828+00:00,66.2,3,bid,,,5444576
2026-07-15T21:03:10.772422,2026-07-15T21:03:10.782494+00:00,66.2,23,bid,,,5444582
2026-07-15T21:03:10.772422,2026-07-15T21:03:10.782494+00:00,66.2,20,bid,,,5444583
2026-07-15T21:03:11.097231,2026-07-15T21:03:11.100681+00:00,65.9,10,ask,,,5444589
2026-07-15T21:03:11.097231,2026-07-15T21:03:11.111443+00:00,65.9,35,ask,,,5444590
2026-07-15T21:03:12.356718,2026-07-15T21:03:12.365161+00:00,65.9,35,ask,,,5444615
2026-07-15T21:03:12.356718,2026-07-15T21:03:12.365161+00:00,65.9,15,ask,,,5444616
2026-07-15T21:03:13.196437,2026-07-15T21:03:13.200918+00:00,66.5,42,ask,,,5444630
2026-07-15T21:03:13.831264,2026-07-15T21:03:13.836598+00:00,66.5,50,ask,,,5444642
2026-07-15T21:03:13.870233,2026-07-15T21:03:13.878655+00:00,66.5,4,ask,,,5444645
2026-07-15T21:03:13.928564,2026-07-15T21:03:13.931174+00:00,66.5,50,ask,,,5444649
2026-07-15T21:03:14.146818,2026-07-15T21:03:14.152476+00:00,66.5,4,ask,,,5444656
2026-07-15T21:03:14.464453,2026-07-15T21:03:14.469735+00:00,66.1,50,ask,,,5444666
2026-07-15T21:03:16.611299,2026-07-15T21:03:16.617151+00:00,66.1,50,ask,,,5444696
2026-07-15T21:03:16.955904,2026-07-15T21:03:16.965600+00:00,66.3,2,bid,,,5444702
2026-07-15T21:03:17.023523,2026-07-15T21:03:17.041316+00:00,66.3,42,bid,,,5444705
2026-07-15T21:03:17.832823,2026-07-15T21:03:17.844335+00:00,66.3,49,bid,,,5444720
2026-07-15T21:03:17.911503,2026-07-15T21:03:17.918098+00:00,66.3,37,bid,,,5444725
2026-07-15T21:03:17.989357,2026-07-15T21:03:17.991582+00:00,66.3,4,bid,,,5444728
2026-07-15T21:03:17.997686,2026-07-15T21:03:18.002115+00:00,66.3,2,bid,,,5444729
2026-07-15T21:03:18.730891,2026-07-15T21:03:18.740872+00:00,66.2,14,ask,,,5444745
2026-07-15T21:03:18.730891,2026-07-15T21:03:18.740872+00:00,66.2,36,ask,,,5444746
2026-07-15T21:03:19.031971,2026-07-15T21:03:19.036389+00:00,66.3,2,bid,,,5444749
2026-07-15T21:03:19.750499,2026-07-15T21:03:19.758772+00:00,66.4,25,ask,,,5444763
2026-07-15T21:03:19.798487,2026-07-15T21:03:19.801265+00:00,66.4,42,ask,,,5444766
2026-07-15T21:03:19.928262,2026-07-15T21:03:19.938000+00:00,66.4,6,ask,,,5444771
2026-07-15T21:03:20.063159,2026-07-15T21:03:20.064920+00:00,66.4,4,ask,,,5444776
2026-07-15T21:03:20.839653,2026-07-15T21:03:20.843425+00:00,66.4,50,ask,,,5444792
2026-07-15T21:03:21.024271,2026-07-15T21:03:21.029268+00:00,66.4,14,ask,,,5444799
2026-07-15T21:03:21.028506,2026-07-15T21:03:21.039980+00:00,66.4,9,ask,,,5444800
2026-07-15T21:03:21.028506,2026-07-15T21:03:21.039980+00:00,66.4,22,ask,,,5444801
2026-07-15T21:03:21.028506,2026-07-15T21:03:21.039980+00:00,66.4,1,ask,,,5444802
2026-07-15T21:03:21.034509,2026-07-15T21:03:21.039980+00:00,66.4,3,ask,,,5444803
2026-07-15T21:03:21.393811,2026-07-15T21:03:21.412041+00:00,66.4,11,bid,,,5444815
2026-07-15T21:03:21.529647,2026-07-15T21:03:21.539620+00:00,66.1,48,ask,,,5444819
2026-07-15T21:03:21.729617,2026-07-15T21:03:21.735527+00:00,66.3,3,bid,,,5444823
2026-07-15T21:03:22.417716,2026-07-15T21:03:22.424860+00:00,66.4,13,bid,,,5444833
2026-07-15T21:03:22.753149,2026-07-15T21:03:22.762320+00:00,66.3,61,bid,,,5444834
2026-07-15T21:03:22.811439,2026-07-15T21:03:22.815354+00:00,66.3,25,bid,,,5444836
2026-07-15T21:03:22.866165,2026-07-15T21:03:22.867945+00:00,66.3,3,bid,,,5444837
2026-07-15T21:03:22.946645,2026-07-15T21:03:22.951767+00:00,66.2,14,ask,,,5444840
2026-07-15T21:03:22.946645,2026-07-15T21:03:22.951767+00:00,66.1,10,ask,,,5444841
2026-07-15T21:03:22.946645,2026-07-15T21:03:22.962340+00:00,66.1,26,ask,,,5444842
2026-07-15T21:03:22.954443,2026-07-15T21:03:22.962340+00:00,66.3,6,bid,,,5444843
2026-07-15T21:03:22.991692,2026-07-15T21:03:22.994112+00:00,66.3,43,bid,,,5444845
2026-07-15T21:03:23.138395,2026-07-15T21:03:23.143538+00:00,66.3,6,bid,,,5444853
2026-07-15T21:03:23.145175,2026-07-15T21:03:23.154116+00:00,66.3,2,bid,,,5444854
2026-07-15T21:03:24.112717,2026-07-15T21:03:24.117461+00:00,66.3,4,bid,,,5444876
2026-07-15T21:03:24.112717,2026-07-15T21:03:24.117461+00:00,66.3,36,bid,,,5444877
2026-07-15T21:03:24.169944,2026-07-15T21:03:24.180334+00:00,66.3,2,bid,,,5444878
2026-07-15T21:03:24.964539,2026-07-15T21:03:24.974669+00:00,66.3,26,bid,,,5444892
2026-07-15T21:03:25.085669,2026-07-15T21:03:25.091326+00:00,66.2,10,ask,,,5444895
2026-07-15T21:03:25.085669,2026-07-15T21:03:25.101865+00:00,66.2,40,ask,,,5444896
2026-07-15T21:03:25.168751,2026-07-15T21:03:25.176012+00:00,66.2,32,ask,,,5444898
2026-07-15T21:03:25.168751,2026-07-15T21:03:25.176012+00:00,66.2,15,ask,,,5444899
2026-07-15T21:03:25.223827,2026-07-15T21:03:25.229220+00:00,66.5,2,bid,,,5444902
2026-07-15T21:03:25.837243,2026-07-15T21:03:25.846575+00:00,66.5,74,bid,,,5444916
2026-07-15T21:03:25.837243,2026-07-15T21:03:25.846575+00:00,66.5,50,bid,,,5444917
2026-07-15T21:03:25.837243,2026-07-15T21:03:25.846575+00:00,66.6,5,bid,,,5444918
2026-07-15T21:03:25.855017,2026-07-15T21:03:25.857248+00:00,66.6,21,ask,,,5444920
2026-07-15T21:03:26.285002,2026-07-15T21:03:26.293926+00:00,66.3,5,ask,,,5444925
2026-07-15T21:03:26.863613,2026-07-15T21:03:26.867325+00:00,66.6,5,bid,,,5444938
2026-07-15T21:03:26.863613,2026-07-15T21:03:26.878266+00:00,66.7,39,bid,,,5444939
2026-07-15T21:03:27.198518,2026-07-15T21:03:27.205578+00:00,66.3,50,ask,,,5444946
2026-07-15T21:03:27.299946,2026-07-15T21:03:27.310862+00:00,66.3,2,ask,,,5444948
2026-07-15T21:03:27.299946,2026-07-15T21:03:27.310862+00:00,66.3,2,ask,,,5444949
2026-07-15T21:03:27.492303,2026-07-15T21:03:27.501433+00:00,66.3,42,ask,,,5444952
2026-07-15T21:03:28.515628,2026-07-15T21:03:28.519096+00:00,66.3,47,ask,,,5444972
2026-07-15T21:03:29.059869,2026-07-15T21:03:29.071098+00:00,66.3,23,ask,,,5444980
2026-07-15T21:03:29.059869,2026-07-15T21:03:29.071098+00:00,66.3,50,ask,,,5444981
2026-07-15T21:03:29.282703,2026-07-15T21:03:29.293210+00:00,66.3,50,bid,,,5444985
2026-07-15T21:03:29.354844,2026-07-15T21:03:29.357072+00:00,66.3,4,bid,,,5444989
2026-07-15T21:03:29.385206,2026-07-15T21:03:29.389768+00:00,66.3,2,bid,,,5444990
2026-07-15T21:03:30.418176,2026-07-15T21:03:30.422588+00:00,66.3,2,bid,,,5445005
2026-07-15T21:03:30.541898,2026-07-15T21:03:30.551787+00:00,66.3,19,bid,,,5445009
2026-07-15T21:03:30.541898,2026-07-15T21:03:30.551787+00:00,66.3,23,bid,,,5445010
2026-07-15T21:03:30.563401,2026-07-15T21:03:30.573167+00:00,66.3,19,bid,,,5445011
2026-07-15T21:03:30.563401,2026-07-15T21:03:30.573167+00:00,66.3,19,bid,,,5445012
2026-07-15T21:03:30.610251,2026-07-15T21:03:30.615607+00:00,66.3,25,bid,,,5445016
2026-07-15T21:03:30.710843,2026-07-15T21:03:30.721242+00:00,66.3,6,bid,,,5445019
2026-07-15T21:03:30.710843,2026-07-15T21:03:30.721242+00:00,66.3,19,bid,,,5445020
2026-07-15T21:03:30.769994,2026-07-15T21:03:30.773651+00:00,66.3,14,bid,,,5445021
2026-07-15T21:03:31.113602,2026-07-15T21:03:31.122639+00:00,66.5,24,bid,,,5445026
2026-07-15T21:03:31.113602,2026-07-15T21:03:31.122639+00:00,66.5,23,bid,,,5445027
2026-07-15T21:03:31.447253,2026-07-15T21:03:31.451493+00:00,66.3,50,ask,,,5445029
2026-07-15T21:03:31.623151,2026-07-15T21:03:31.631224+00:00,66.3,13,ask,,,5445031
2026-07-15T21:03:31.623151,2026-07-15T21:03:31.631224+00:00,66.3,10,ask,,,5445032
2026-07-15T21:03:31.623151,2026-07-15T21:03:31.631224+00:00,66.3,25,ask,,,5445033
2026-07-15T21:03:32.186950,2026-07-15T21:03:32.197284+00:00,66.5,38,ask,,,5445042
2026-07-15T21:03:32.493536,2026-07-15T21:03:32.495965+00:00,66.5,2,ask,,,5445051
2026-07-15T21:03:32.851343,2026-07-15T21:03:32.860558+00:00,66.5,42,ask,,,5445061
2026-07-15T21:03:32.920256,2026-07-15T21:03:32.924526+00:00,66.5,25,ask,,,5445065
2026-07-15T21:03:32.929634,2026-07-15T21:03:32.935155+00:00,66.5,43,ask,,,5445066
2026-07-15T21:03:32.929634,2026-07-15T21:03:32.935155+00:00,66.5,5,ask,,,5445067
2026-07-15T21:03:32.965268,2026-07-15T21:03:32.966900+00:00,66.5,31,ask,,,5445069
2026-07-15T21:03:32.984967,2026-07-15T21:03:32.988082+00:00,66.5,6,ask,,,5445071
2026-07-15T21:03:33.085573,2026-07-15T21:03:33.095445+00:00,66.6,21,bid,,,5445075
2026-07-15T21:03:33.085573,2026-07-15T21:03:33.095445+00:00,66.6,10,bid,,,5445076
2026-07-15T21:03:33.085573,2026-07-15T21:03:33.095445+00:00,66.6,13,bid,,,5445077
2026-07-15T21:03:33.305829,2026-07-15T21:03:33.316325+00:00,66.5,8,ask,,,5445080
2026-07-15T21:03:33.557123,2026-07-15T21:03:33.560795+00:00,66.3,21,ask,,,5445086
2026-07-15T21:03:33.557123,2026-07-15T21:03:33.571295+00:00,66.3,29,ask,,,5445087
2026-07-15T21:03:34.559881,2026-07-15T21:03:34.562417+00:00,66.6,14,bid,,,5445106
2026-07-15T21:03:35.482574,2026-07-15T21:03:35.515957+00:00,66.3,19,ask,,,5445120
2026-07-15T21:03:35.482808,2026-07-15T21:03:35.515957+00:00,66.3,3,ask,,,5445121
2026-07-15T21:03:35.506818,2026-07-15T21:03:35.515957+00:00,66.3,25,ask,,,5445125
2026-07-15T21:03:35.601743,2026-07-15T21:03:35.611857+00:00,66.3,25,ask,,,5445128
2026-07-15T21:03:35.605849,2026-07-15T21:03:35.611857+00:00,66.3,4,ask,,,5445129
2026-07-15T21:03:35.605849,2026-07-15T21:03:35.611857+00:00,66.3,21,ask,,,5445130
2026-07-15T21:03:35.625945,2026-07-15T21:03:35.633296+00:00,66.3,2,ask,,,5445133
2026-07-15T21:03:35.652667,2026-07-15T21:03:35.654569+00:00,66.3,27,ask,,,5445136
2026-07-15T21:03:35.677156,2026-07-15T21:03:35.686216+00:00,66.2,50,ask,,,5445139
2026-07-15T21:03:35.756789,2026-07-15T21:03:35.760150+00:00,66.2,14,ask,,,5445142
2026-07-15T21:03:35.878760,2026-07-15T21:03:35.887405+00:00,66.2,20,ask,,,5445149
2026-07-15T21:03:37.069426,2026-07-15T21:03:37.072209+00:00,66.2,16,ask,,,5445165
2026-07-15T21:03:37.069426,2026-07-15T21:03:37.082741+00:00,66.2,24,ask,,,5445166
2026-07-15T21:03:37.069426,2026-07-15T21:03:37.082741+00:00,65.9,3,ask,,,5445167
2026-07-15T21:03:37.680512,2026-07-15T21:03:37.684065+00:00,66.3,31,bid,,,5445181
2026-07-15T21:03:37.740000,2026-07-15T21:03:37.756170+00:00,66.3,3,bid,,,5445186
2026-07-15T21:03:37.795412,2026-07-15T21:03:37.798880+00:00,66.1,14,ask,,,5445188
2026-07-15T21:03:37.795412,2026-07-15T21:03:37.798880+00:00,66.1,20,ask,,,5445189
2026-07-15T21:03:37.795412,2026-07-15T21:03:37.809459+00:00,66.0,10,ask,,,5445190
2026-07-15T21:03:37.795412,2026-07-15T21:03:37.809459+00:00,66.0,6,ask,,,5445191
2026-07-15T21:03:38.002937,2026-07-15T21:03:38.015002+00:00,66.1,10,ask,,,5445197
2026-07-15T21:03:38.002937,2026-07-15T21:03:38.015002+00:00,66.0,10,ask,,,5445198
2026-07-15T21:03:38.002937,2026-07-15T21:03:38.015002+00:00,66.0,22,ask,,,5445199
2026-07-15T21:03:38.356601,2026-07-15T21:03:38.364850+00:00,66.1,61,bid,,,5445207
2026-07-15T21:03:38.432891,2026-07-15T21:03:38.438950+00:00,66.1,25,bid,,,5445209
2026-07-15T21:03:38.726745,2026-07-15T21:03:38.734593+00:00,66.1,1,bid,,,5445215
2026-07-15T21:03:39.010058,2026-07-15T21:03:39.019280+00:00,66.1,6,bid,,,5445217
2026-07-15T21:03:39.431011,2026-07-15T21:03:39.435153+00:00,66.1,7,bid,,,5445233
2026-07-15T21:03:39.431011,2026-07-15T21:03:39.435153+00:00,66.1,56,bid,,,5445234
2026-07-15T21:03:39.490771,2026-07-15T21:03:39.498608+00:00,66.1,25,bid,,,5445239
2026-07-15T21:03:39.508846,2026-07-15T21:03:39.519686+00:00,66.1,38,bid,,,5445240
2026-07-15T21:03:39.551593,2026-07-15T21:03:39.562413+00:00,66.1,2,bid,,,5445241
2026-07-15T21:03:39.573097,2026-07-15T21:03:39.583565+00:00,66.1,29,bid,,,5445243
2026-07-15T21:03:39.573097,2026-07-15T21:03:39.583565+00:00,66.1,12,bid,,,5445244
2026-07-15T21:03:39.592010,2026-07-15T21:03:39.594122+00:00,66.1,38,bid,,,5445247
2026-07-15T21:03:39.592010,2026-07-15T21:03:39.604859+00:00,66.2,6,bid,,,5445248
2026-07-15T21:03:41.687716,2026-07-15T21:03:41.698818+00:00,66.2,38,ask,,,5445277
2026-07-15T21:03:41.769000,2026-07-15T21:03:41.772350+00:00,66.2,2,ask,,,5445279
2026-07-15T21:03:41.775911,2026-07-15T21:03:41.782970+00:00,66.2,2,ask,,,5445280
2026-07-15T21:03:41.987571,2026-07-15T21:03:41.994188+00:00,66.3,50,bid,,,5445284
2026-07-15T21:03:43.737505,2026-07-15T21:03:43.743246+00:00,66.2,41,ask,,,5445306
2026-07-15T21:03:44.100903,2026-07-15T21:03:44.112316+00:00,66.3,50,bid,,,5445315
2026-07-15T21:03:46.218802,2026-07-15T21:03:46.228123+00:00,66.5,32,bid,,,5445344
2026-07-15T21:03:46.218802,2026-07-15T21:03:46.228123+00:00,66.5,10,bid,,,5445345
2026-07-15T21:03:46.218802,2026-07-15T21:03:46.228123+00:00,66.5,8,bid,,,5445346
2026-07-15T21:03:46.908799,2026-07-15T21:03:46.920689+00:00,66.4,4,ask,,,5445367
2026-07-15T21:03:48.334829,2026-07-15T21:03:48.339299+00:00,66.5,48,bid,,,5445391
2026-07-15T21:03:48.334829,2026-07-15T21:03:48.339299+00:00,66.5,2,bid,,,5445392
2026-07-15T21:03:50.349966,2026-07-15T21:03:50.353904+00:00,66.5,10,bid,,,5445426
2026-07-15T21:03:50.349966,2026-07-15T21:03:50.353904+00:00,66.5,10,bid,,,5445427
2026-07-15T21:03:50.349966,2026-07-15T21:03:50.364427+00:00,66.5,28,bid,,,5445428
2026-07-15T21:03:50.454819,2026-07-15T21:03:50.470153+00:00,66.5,22,bid,,,5445432
2026-07-15T21:03:50.454819,2026-07-15T21:03:50.470153+00:00,66.5,10,bid,,,5445433
2026-07-15T21:03:50.454819,2026-07-15T21:03:50.470153+00:00,66.6,18,bid,,,5445434
2026-07-15T21:03:50.591347,2026-07-15T21:03:50.597171+00:00,66.5,2,ask,,,5445436
2026-07-15T21:03:50.998448,2026-07-15T21:03:51.006894+00:00,66.4,42,ask,,,5445441
2026-07-15T21:03:51.312216,2026-07-15T21:03:51.317155+00:00,66.4,3,ask,,,5445450
2026-07-15T21:03:51.331362,2026-07-15T21:03:51.338842+00:00,66.4,13,ask,,,5445453
2026-07-15T21:03:51.331362,2026-07-15T21:03:51.338842+00:00,66.4,12,ask,,,5445454
2026-07-15T21:03:51.381850,2026-07-15T21:03:51.392332+00:00,66.4,38,ask,,,5445456
2026-07-15T21:03:51.381850,2026-07-15T21:03:51.392332+00:00,66.4,21,ask,,,5445457
2026-07-15T21:03:51.574051,2026-07-15T21:03:51.582740+00:00,66.3,18,ask,,,5445463
2026-07-15T21:03:52.618147,2026-07-15T21:03:52.623031+00:00,66.3,3,bid,,,5445478
2026-07-15T21:03:52.623666,2026-07-15T21:03:52.633717+00:00,66.2,50,ask,,,5445479
2026-07-15T21:03:53.149837,2026-07-15T21:03:53.151449+00:00,66.3,18,bid,,,5445487
2026-07-15T21:03:53.869637,2026-07-15T21:03:53.879237+00:00,66.5,10,bid,,,5445496
2026-07-15T21:03:53.869637,2026-07-15T21:03:53.879237+00:00,66.6,34,bid,,,5445497
2026-07-15T21:03:54.395375,2026-07-15T21:03:54.407079+00:00,66.4,45,bid,,,5445501
2026-07-15T21:03:54.754189,2026-07-15T21:03:54.764528+00:00,66.3,50,ask,,,5445503
2026-07-15T21:03:55.051685,2026-07-15T21:03:55.085092+00:00,66.3,6,ask,,,5445508
2026-07-15T21:03:55.188094,2026-07-15T21:03:55.196427+00:00,66.3,24,ask,,,5445512
2026-07-15T21:03:56.222538,2026-07-15T21:03:56.233517+00:00,66.2,13,ask,,,5445531
2026-07-15T21:03:56.238200,2026-07-15T21:03:56.244190+00:00,66.1,2,ask,,,5445533
2026-07-15T21:03:56.560737,2026-07-15T21:03:56.569797+00:00,66.1,25,ask,,,5445538
2026-07-15T21:03:56.709045,2026-07-15T21:03:56.717011+00:00,66.1,20,ask,,,5445539
2026-07-15T21:03:56.864345,2026-07-15T21:03:56.875235+00:00,66.1,50,ask,,,5445543
2026-07-15T21:03:57.264049,2026-07-15T21:03:57.267826+00:00,66.1,25,ask,,,5445550
2026-07-15T21:03:57.278257,2026-07-15T21:03:57.289099+00:00,66.1,2,ask,,,5445552
2026-07-15T21:03:57.327713,2026-07-15T21:03:57.331795+00:00,66.1,20,ask,,,5445557
2026-07-15T21:03:57.608330,2026-07-15T21:03:57.627938+00:00,65.7,100,ask,,,5445561
2026-07-15T21:03:57.608330,2026-07-15T21:03:57.627938+00:00,65.7,18,ask,,,5445562
2026-07-15T21:03:57.621660,2026-07-15T21:03:57.627938+00:00,65.7,3,bid,,,5445564
2026-07-15T21:03:57.622337,2026-07-15T21:03:57.638541+00:00,65.7,29,bid,,,5445565
2026-07-15T21:03:58.126270,2026-07-15T21:03:58.137922+00:00,65.3,20,ask,,,5445570
2026-07-15T21:03:58.126270,2026-07-15T21:03:58.137922+00:00,65.2,22,ask,,,5445571
2026-07-15T21:03:58.997200,2026-07-15T21:03:59.003918+00:00,65.5,28,ask,,,5445588
2026-07-15T21:03:58.997200,2026-07-15T21:03:59.003918+00:00,65.4,10,ask,,,5445589
2026-07-15T21:03:58.997200,2026-07-15T21:03:59.014596+00:00,65.2,12,ask,,,5445590
2026-07-15T21:04:00.748209,2026-07-15T21:04:00.764930+00:00,65.9,32,bid,,,5445622
2026-07-15T21:04:00.788664,2026-07-15T21:04:00.796810+00:00,65.9,25,bid,,,5445626
2026-07-15T21:04:01.059384,2026-07-15T21:04:01.071091+00:00,65.9,43,bid,,,5445635
2026-07-15T21:04:01.059384,2026-07-15T21:04:01.071091+00:00,65.9,7,bid,,,5445636
2026-07-15T21:04:01.076123,2026-07-15T21:04:01.081622+00:00,65.9,6,bid,,,5445637
2026-07-15T21:04:01.814225,2026-07-15T21:04:01.817844+00:00,65.9,7,bid,,,5445646
2026-07-15T21:04:01.814225,2026-07-15T21:04:01.817844+00:00,65.9,31,bid,,,5445647
2026-07-15T21:04:01.843922,2026-07-15T21:04:01.849454+00:00,65.9,25,bid,,,5445649
2026-07-15T21:04:01.978288,2026-07-15T21:04:01.987330+00:00,65.9,25,bid,,,5445651
2026-07-15T21:04:03.173308,2026-07-15T21:04:03.180967+00:00,66.1,50,bid,,,5445670
2026-07-15T21:04:03.936824,2026-07-15T21:04:03.942063+00:00,66.0,3,ask,,,5445687
2026-07-15T21:04:04.907454,2026-07-15T21:04:04.911789+00:00,66.0,42,ask,,,5445697
2026-07-15T21:04:07.206924,2026-07-15T21:04:07.217718+00:00,66.0,12,ask,,,5445722
2026-07-15T21:04:07.206924,2026-07-15T21:04:07.217718+00:00,66.0,26,ask,,,5445723
2026-07-15T21:04:07.455525,2026-07-15T21:04:07.462127+00:00,66.0,50,ask,,,5445731
2026-07-15T21:04:07.491244,2026-07-15T21:04:07.493677+00:00,66.0,10,ask,,,5445733
2026-07-15T21:04:07.491244,2026-07-15T21:04:07.504403+00:00,66.0,32,ask,,,5445734
2026-07-15T21:04:09.563087,2026-07-15T21:04:09.566045+00:00,65.8,50,ask,,,5445763
2026-07-15T21:04:11.732567,2026-07-15T21:04:11.740313+00:00,66.1,41,bid,,,5445793
2026-07-15T21:04:13.799745,2026-07-15T21:04:13.809706+00:00,65.9,10,ask,,,5445827
2026-07-15T21:04:13.799745,2026-07-15T21:04:13.809706+00:00,65.9,12,ask,,,5445828
2026-07-15T21:04:13.799745,2026-07-15T21:04:13.809706+00:00,65.8,28,ask,,,5445829
2026-07-15T21:04:14.314654,2026-07-15T21:04:14.325994+00:00,66.1,29,bid,,,5445841
2026-07-15T21:04:14.314654,2026-07-15T21:04:14.325994+00:00,66.1,12,bid,,,5445842
2026-07-15T21:04:15.726126,2026-07-15T21:04:15.730074+00:00,66.1,2,bid,,,5445861
2026-07-15T21:04:15.909467,2026-07-15T21:04:15.913080+00:00,66.0,14,ask,,,5445868
2026-07-15T21:04:15.909467,2026-07-15T21:04:15.913080+00:00,65.9,14,ask,,,5445869
2026-07-15T21:04:15.909467,2026-07-15T21:04:15.923738+00:00,65.9,12,ask,,,5445870
2026-07-15T21:04:15.909467,2026-07-15T21:04:15.923738+00:00,65.9,6,ask,,,5445871
2026-07-15T21:04:15.919183,2026-07-15T21:04:15.934369+00:00,65.9,4,ask,,,5445872
2026-07-15T21:04:15.919183,2026-07-15T21:04:15.934369+00:00,65.9,46,ask,,,5445873
2026-07-15T21:04:18.039049,2026-07-15T21:04:18.049252+00:00,65.8,7,ask,,,5445905
2026-07-15T21:04:18.039049,2026-07-15T21:04:18.049252+00:00,65.8,10,ask,,,5445906
2026-07-15T21:04:18.039049,2026-07-15T21:04:18.049252+00:00,65.6,33,ask,,,5445907
2026-07-15T21:04:20.176015,2026-07-15T21:04:20.181256+00:00,65.9,4,ask,,,5445932
2026-07-15T21:04:20.176015,2026-07-15T21:04:20.181256+00:00,65.8,4,ask,,,5445933
2026-07-15T21:04:20.176015,2026-07-15T21:04:20.198980+00:00,65.6,4,ask,,,5445934
2026-07-15T21:04:20.176015,2026-07-15T21:04:20.198980+00:00,65.6,38,ask,,,5445935
2026-07-15T21:04:21.439361,2026-07-15T21:04:21.441647+00:00,65.8,4,bid,,,5445956
2026-07-15T21:04:22.238275,2026-07-15T21:04:22.243188+00:00,66.0,50,bid,,,5445969
2026-07-15T21:04:22.940458,2026-07-15T21:04:22.948431+00:00,66.0,34,bid,,,5445985
2026-07-15T21:04:22.949173,2026-07-15T21:04:22.958989+00:00,66.0,25,bid,,,5445986
2026-07-15T21:04:22.959559,2026-07-15T21:04:22.969571+00:00,66.0,11,bid,,,5445988
2026-07-15T21:04:23.000948,2026-07-15T21:04:23.011673+00:00,66.0,14,bid,,,5445991
2026-07-15T21:04:23.000948,2026-07-15T21:04:23.011673+00:00,66.0,11,bid,,,5445992
2026-07-15T21:04:23.096774,2026-07-15T21:04:23.106473+00:00,66.0,25,bid,,,5445994
2026-07-15T21:04:23.446492,2026-07-15T21:04:23.453385+00:00,66.0,10,bid,,,5445996
2026-07-15T21:04:24.413664,2026-07-15T21:04:24.419347+00:00,65.9,10,ask,,,5446020
2026-07-15T21:04:24.413664,2026-07-15T21:04:24.419347+00:00,65.9,40,ask,,,5446021
2026-07-15T21:04:25.584485,2026-07-15T21:04:25.589517+00:00,66.0,3,bid,,,5446043
2026-07-15T21:04:25.604697,2026-07-15T21:04:25.610982+00:00,66.0,25,bid,,,5446045
2026-07-15T21:04:25.608582,2026-07-15T21:04:25.610982+00:00,66.0,25,bid,,,5446046
2026-07-15T21:04:25.620039,2026-07-15T21:04:25.621649+00:00,66.1,17,bid,,,5446048
2026-07-15T21:04:25.972514,2026-07-15T21:04:25.980426+00:00,66.1,20,bid,,,5446058
2026-07-15T21:04:26.009577,2026-07-15T21:04:26.012097+00:00,66.1,25,bid,,,5446060
2026-07-15T21:04:26.020750,2026-07-15T21:04:26.022687+00:00,66.1,2,bid,,,5446062
2026-07-15T21:04:26.899169,2026-07-15T21:04:26.904670+00:00,66.0,3,ask,,,5446078
2026-07-15T21:04:26.903598,2026-07-15T21:04:26.915471+00:00,66.0,80,ask,,,5446079
2026-07-15T21:04:26.909972,2026-07-15T21:04:26.915471+00:00,66.0,17,ask,,,5446080
2026-07-15T21:04:26.909972,2026-07-15T21:04:26.915471+00:00,66.0,10,ask,,,5446081
2026-07-15T21:04:26.909972,2026-07-15T21:04:26.926228+00:00,66.0,22,ask,,,5446082
2026-07-15T21:04:27.059043,2026-07-15T21:04:27.067273+00:00,66.0,15,ask,,,5446087
2026-07-15T21:04:27.065475,2026-07-15T21:04:27.067273+00:00,66.0,3,ask,,,5446088
2026-07-15T21:04:27.065475,2026-07-15T21:04:27.078060+00:00,66.0,22,ask,,,5446089
2026-07-15T21:04:27.071569,2026-07-15T21:04:27.078060+00:00,66.0,2,ask,,,5446090
2026-07-15T21:04:27.162320,2026-07-15T21:04:27.173909+00:00,65.9,25,ask,,,5446097
2026-07-15T21:04:27.255262,2026-07-15T21:04:27.259671+00:00,65.9,25,ask,,,5446100
2026-07-15T21:04:28.116666,2026-07-15T21:04:28.127308+00:00,65.9,2,ask,,,5446111
2026-07-15T21:04:28.604886,2026-07-15T21:04:28.614582+00:00,66.1,43,bid,,,5446120
2026-07-15T21:04:28.604886,2026-07-15T21:04:28.614582+00:00,66.1,7,bid,,,5446121
2026-07-15T21:04:29.153081,2026-07-15T21:04:29.164956+00:00,66.0,42,bid,,,5446131
2026-07-15T21:04:29.161375,2026-07-15T21:04:29.164956+00:00,66.0,4,bid,,,5446133
2026-07-15T21:04:29.682428,2026-07-15T21:04:29.693392+00:00,66.0,49,bid,,,5446144
2026-07-15T21:04:30.718534,2026-07-15T21:04:30.726126+00:00,66.0,5,bid,,,5446166
2026-07-15T21:04:30.718534,2026-07-15T21:04:30.726126+00:00,66.0,41,bid,,,5446167
2026-07-15T21:04:30.718534,2026-07-15T21:04:30.726126+00:00,66.0,4,bid,,,5446168
2026-07-15T21:04:30.744238,2026-07-15T21:04:30.747921+00:00,66.0,45,bid,,,5446170
2026-07-15T21:04:31.169218,2026-07-15T21:04:31.174555+00:00,66.1,27,bid,,,5446179
2026-07-15T21:04:31.247886,2026-07-15T21:04:31.250363+00:00,65.9,44,ask,,,5446184
2026-07-15T21:04:32.382215,2026-07-15T21:04:32.387753+00:00,65.9,10,ask,,,5446200
2026-07-15T21:04:32.382215,2026-07-15T21:04:32.387753+00:00,65.9,12,ask,,,5446201
2026-07-15T21:04:32.382215,2026-07-15T21:04:32.398391+00:00,65.8,27,ask,,,5446202
2026-07-15T21:04:32.887046,2026-07-15T21:04:32.897755+00:00,65.9,23,ask,,,5446212
2026-07-15T21:04:32.887046,2026-07-15T21:04:32.897755+00:00,65.8,27,ask,,,5446213
2026-07-15T21:04:34.302524,2026-07-15T21:04:34.306876+00:00,66.0,10,ask,,,5446251
2026-07-15T21:04:37.123213,2026-07-15T21:04:37.131396+00:00,66.1,10,ask,,,5446288
2026-07-15T21:04:37.123213,2026-07-15T21:04:37.131396+00:00,66.0,10,ask,,,5446289
2026-07-15T21:04:37.123213,2026-07-15T21:04:37.131396+00:00,66.0,10,ask,,,5446290
2026-07-15T21:04:37.123213,2026-07-15T21:04:37.141939+00:00,65.7,20,ask,,,5446291
2026-07-15T21:04:37.223044,2026-07-15T21:04:37.226280+00:00,66.2,41,bid,,,5446294
2026-07-15T21:04:39.186647,2026-07-15T21:04:39.196426+00:00,66.2,50,bid,,,5446328
2026-07-15T21:04:39.209660,2026-07-15T21:04:39.217690+00:00,66.1,5,ask,,,5446329
2026-07-15T21:04:39.209660,2026-07-15T21:04:39.217690+00:00,66.0,5,ask,,,5446330
2026-07-15T21:04:39.209660,2026-07-15T21:04:39.217690+00:00,66.0,10,ask,,,5446331
2026-07-15T21:04:39.516086,2026-07-15T21:04:39.524557+00:00,66.1,2,bid,,,5446340
2026-07-15T21:04:40.272750,2026-07-15T21:04:40.289747+00:00,66.2,44,bid,,,5446354
2026-07-15T21:04:40.520121,2026-07-15T21:04:40.531065+00:00,66.2,2,bid,,,5446360
2026-07-15T21:04:41.374234,2026-07-15T21:04:41.385314+00:00,65.9,3,ask,,,5446378
2026-07-15T21:04:41.472179,2026-07-15T21:04:41.480626+00:00,66.2,40,bid,,,5446379
2026-07-15T21:04:41.546870,2026-07-15T21:04:41.554189+00:00,66.2,2,bid,,,5446381
2026-07-15T21:04:42.012566,2026-07-15T21:04:42.023951+00:00,66.2,50,bid,,,5446394
2026-07-15T21:04:42.577465,2026-07-15T21:04:42.585595+00:00,66.2,32,ask,,,5446406
2026-07-15T21:04:42.601078,2026-07-15T21:04:42.606810+00:00,66.2,41,ask,,,5446408
2026-07-15T21:04:43.730804,2026-07-15T21:04:43.741555+00:00,66.2,27,ask,,,5446440
2026-07-15T21:04:43.730804,2026-07-15T21:04:43.752189+00:00,66.2,22,ask,,,5446441
2026-07-15T21:04:45.242807,2026-07-15T21:04:45.256929+00:00,65.9,36,bid,,,5446463
2026-07-15T21:04:45.252144,2026-07-15T21:04:45.256929+00:00,65.8,3,bid,,,5446464
2026-07-15T21:04:45.316111,2026-07-15T21:04:45.321234+00:00,65.9,25,bid,,,5446468
2026-07-15T21:04:45.331027,2026-07-15T21:04:45.342677+00:00,65.9,46,bid,,,5446470
2026-07-15T21:04:45.379083,2026-07-15T21:04:45.384955+00:00,65.9,23,bid,,,5446472
2026-07-15T21:04:45.387026,2026-07-15T21:04:45.395600+00:00,65.9,20,bid,,,5446473
2026-07-15T21:04:45.540817,2026-07-15T21:04:45.543754+00:00,66.2,50,bid,,,5446479
2026-07-15T21:04:46.958487,2026-07-15T21:04:46.962607+00:00,66.0,18,bid,,,5446495
2026-07-15T21:04:47.652829,2026-07-15T21:04:47.659321+00:00,66.2,50,bid,,,5446503
2026-07-15T21:04:47.987374,2026-07-15T21:04:47.992633+00:00,66.0,3,ask,,,5446512
2026-07-15T21:04:49.772877,2026-07-15T21:04:49.786053+00:00,66.1,15,bid,,,5446531
2026-07-15T21:04:49.772877,2026-07-15T21:04:49.786053+00:00,66.1,35,bid,,,5446532
2026-07-15T21:04:49.904151,2026-07-15T21:04:49.913356+00:00,66.1,15,bid,,,5446535
2026-07-15T21:04:49.904151,2026-07-15T21:04:49.913356+00:00,66.2,34,bid,,,5446536
2026-07-15T21:04:51.983599,2026-07-15T21:04:51.987367+00:00,66.0,49,ask,,,5446562
2026-07-15T21:04:53.465199,2026-07-15T21:04:53.475066+00:00,66.0,43,ask,,,5446582
2026-07-15T21:04:54.019082,2026-07-15T21:04:54.032590+00:00,66.1,28,bid,,,5446588
2026-07-15T21:04:54.019082,2026-07-15T21:04:54.032590+00:00,66.1,22,bid,,,5446589
2026-07-15T21:04:55.138012,2026-07-15T21:04:55.149928+00:00,66.1,10,ask,,,5446602
2026-07-15T21:04:55.138012,2026-07-15T21:04:55.149928+00:00,66.1,39,ask,,,5446603
2026-07-15T21:04:55.641308,2026-07-15T21:04:55.644173+00:00,66.2,49,bid,,,5446615
2026-07-15T21:04:58.233962,2026-07-15T21:04:58.239550+00:00,66.2,36,bid,,,5446652
2026-07-15T21:04:58.233962,2026-07-15T21:04:58.239550+00:00,66.2,14,bid,,,5446653
2026-07-15T21:04:59.538203,2026-07-15T21:04:59.542619+00:00,66.3,10,bid,,,5446667
2026-07-15T21:04:59.538203,2026-07-15T21:04:59.542619+00:00,66.3,3,bid,,,5446668
2026-07-15T21:04:59.538203,2026-07-15T21:04:59.553229+00:00,66.4,27,bid,,,5446669
2026-07-15T21:05:00.345272,2026-07-15T21:05:00.356197+00:00,66.4,50,bid,,,5446678
2026-07-15T21:05:00.885355,2026-07-15T21:05:00.894054+00:00,66.2,61,ask,,,5446690
2026-07-15T21:05:00.889504,2026-07-15T21:05:00.894054+00:00,66.2,25,ask,,,5446691
2026-07-15T21:05:00.907689,2026-07-15T21:05:00.915229+00:00,66.2,2,ask,,,5446692
2026-07-15T21:05:01.138092,2026-07-15T21:05:01.150453+00:00,66.2,3,ask,,,5446699
2026-07-15T21:05:01.154911,2026-07-15T21:05:01.161409+00:00,66.2,9,ask,,,5446702
2026-07-15T21:05:01.154911,2026-07-15T21:05:01.161409+00:00,66.2,50,ask,,,5446703
2026-07-15T21:05:01.184387,2026-07-15T21:05:01.193274+00:00,66.1,5,ask,,,5446704
2026-07-15T21:05:01.215609,2026-07-15T21:05:01.225239+00:00,66.1,45,ask,,,5446706
2026-07-15T21:05:01.228518,2026-07-15T21:05:01.235879+00:00,66.1,20,ask,,,5446708
2026-07-15T21:05:01.780710,2026-07-15T21:05:01.784405+00:00,66.4,10,bid,,,5446717
2026-07-15T21:05:01.780710,2026-07-15T21:05:01.784405+00:00,66.4,38,bid,,,5446718
2026-07-15T21:05:02.480983,2026-07-15T21:05:02.498333+00:00,66.4,50,bid,,,5446736
2026-07-15T21:05:03.895400,2026-07-15T21:05:03.898155+00:00,66.1,25,ask,,,5446761
2026-07-15T21:05:03.912567,2026-07-15T21:05:03.919368+00:00,66.1,8,ask,,,5446763
2026-07-15T21:05:03.990072,2026-07-15T21:05:03.993534+00:00,66.1,17,ask,,,5446764
2026-07-15T21:05:04.235631,2026-07-15T21:05:04.238778+00:00,66.1,25,ask,,,5446772
2026-07-15T21:05:04.594834,2026-07-15T21:05:04.600181+00:00,66.2,50,bid,,,5446782
2026-07-15T21:05:05.022905,2026-07-15T21:05:05.031569+00:00,66.1,2,ask,,,5446788
2026-07-15T21:05:05.137035,2026-07-15T21:05:05.142013+00:00,66.2,3,bid,,,5446792
2026-07-15T21:05:05.212073,2026-07-15T21:05:05.215451+00:00,66.2,5,bid,,,5446794
2026-07-15T21:05:05.217898,2026-07-15T21:05:05.225996+00:00,66.2,20,bid,,,5446795
2026-07-15T21:05:05.231511,2026-07-15T21:05:05.236571+00:00,66.2,22,bid,,,5446797
2026-07-15T21:05:05.231511,2026-07-15T21:05:05.236571+00:00,66.2,37,bid,,,5446798
2026-07-15T21:05:06.457961,2026-07-15T21:05:06.468564+00:00,66.2,42,ask,,,5446818
2026-07-15T21:05:06.805173,2026-07-15T21:05:06.807395+00:00,66.1,50,ask,,,5446825
2026-07-15T21:05:07.091291,2026-07-15T21:05:07.103190+00:00,66.1,2,ask,,,5446831
2026-07-15T21:05:08.115006,2026-07-15T21:05:08.116796+00:00,66.1,2,ask,,,5446844
2026-07-15T21:05:08.816796,2026-07-15T21:05:08.825490+00:00,66.1,47,ask,,,5446856
2026-07-15T21:05:08.917060,2026-07-15T21:05:08.920946+00:00,66.1,50,ask,,,5446861
2026-07-15T21:05:09.147503,2026-07-15T21:05:09.153407+00:00,66.1,1,ask,,,5446868
2026-07-15T21:05:09.147503,2026-07-15T21:05:09.153407+00:00,66.1,1,ask,,,5446869
2026-07-15T21:05:09.461119,2026-07-15T21:05:09.470160+00:00,66.4,45,bid,,,5446874
2026-07-15T21:05:09.984180,2026-07-15T21:05:09.988208+00:00,66.0,26,ask,,,5446888
2026-07-15T21:05:09.984180,2026-07-15T21:05:09.988208+00:00,66.0,4,ask,,,5446889
2026-07-15T21:05:09.984180,2026-07-15T21:05:09.998860+00:00,65.9,15,ask,,,5446890
2026-07-15T21:05:11.034549,2026-07-15T21:05:11.038506+00:00,66.0,50,ask,,,5446908
2026-07-15T21:05:12.590689,2026-07-15T21:05:12.597884+00:00,66.0,47,ask,,,5446930
2026-07-15T21:05:13.143933,2026-07-15T21:05:13.148092+00:00,66.0,50,ask,,,5446938
2026-07-15T21:05:13.807908,2026-07-15T21:05:13.814253+00:00,65.8,42,bid,,,5446945
2026-07-15T21:05:14.256945,2026-07-15T21:05:14.258652+00:00,65.8,47,bid,,,5446957
2026-07-15T21:05:15.277923,2026-07-15T21:05:15.286369+00:00,65.7,50,ask,,,5446971
2026-07-15T21:05:17.389667,2026-07-15T21:05:17.395845+00:00,65.6,10,ask,,,5446993
2026-07-15T21:05:17.389667,2026-07-15T21:05:17.395845+00:00,65.5,40,ask,,,5446994
2026-07-15T21:05:17.950448,2026-07-15T21:05:17.957369+00:00,65.9,47,bid,,,5447003
2026-07-15T21:05:19.031887,2026-07-15T21:05:19.035442+00:00,65.8,10,bid,,,5447029
2026-07-15T21:05:19.031887,2026-07-15T21:05:19.035442+00:00,65.8,35,bid,,,5447030
2026-07-15T21:05:19.450456,2026-07-15T21:05:19.456975+00:00,65.8,15,bid,,,5447036
2026-07-15T21:05:19.450456,2026-07-15T21:05:19.467563+00:00,65.9,35,bid,,,5447037
2026-07-15T21:05:19.590815,2026-07-15T21:05:19.594044+00:00,65.9,18,bid,,,5447041
2026-07-15T21:05:19.590815,2026-07-15T21:05:19.604620+00:00,65.9,20,bid,,,5447042
2026-07-15T21:05:19.598467,2026-07-15T21:05:19.604620+00:00,65.9,25,bid,,,5447043
2026-07-15T21:05:19.760315,2026-07-15T21:05:19.762159+00:00,65.9,5,bid,,,5447045
2026-07-15T21:05:19.774196,2026-07-15T21:05:19.783486+00:00,66.0,2,bid,,,5447046
2026-07-15T21:05:19.853834,2026-07-15T21:05:19.857328+00:00,66.0,100,bid,,,5447049
2026-07-15T21:05:20.658946,2026-07-15T21:05:20.665742+00:00,66.0,46,ask,,,5447067
2026-07-15T21:05:21.002517,2026-07-15T21:05:21.013267+00:00,66.0,38,ask,,,5447070
2026-07-15T21:05:21.156862,2026-07-15T21:05:21.160565+00:00,66.0,40,ask,,,5447072
2026-07-15T21:05:21.565422,2026-07-15T21:05:21.575674+00:00,66.2,14,bid,,,5447079
2026-07-15T21:05:21.565422,2026-07-15T21:05:21.575674+00:00,66.2,36,bid,,,5447080
2026-07-15T21:05:21.654409,2026-07-15T21:05:21.662099+00:00,66.2,14,bid,,,5447082
2026-07-15T21:05:21.654409,2026-07-15T21:05:21.662099+00:00,66.3,10,bid,,,5447083
2026-07-15T21:05:21.654409,2026-07-15T21:05:21.662099+00:00,66.3,14,bid,,,5447084
2026-07-15T21:05:21.654409,2026-07-15T21:05:21.672851+00:00,66.3,11,bid,,,5447085
2026-07-15T21:05:21.883167,2026-07-15T21:05:21.891137+00:00,66.0,3,ask,,,5447095
2026-07-15T21:05:22.766936,2026-07-15T21:05:22.774421+00:00,66.0,23,ask,,,5447102
2026-07-15T21:05:22.766936,2026-07-15T21:05:22.774421+00:00,66.0,20,ask,,,5447103
2026-07-15T21:05:22.945239,2026-07-15T21:05:22.953040+00:00,66.0,6,ask,,,5447109
2026-07-15T21:05:23.072080,2026-07-15T21:05:23.079823+00:00,66.0,24,ask,,,5447114
2026-07-15T21:05:23.535144,2026-07-15T21:05:23.552401+00:00,65.8,14,bid,,,5447125
2026-07-15T21:05:23.535437,2026-07-15T21:05:23.552401+00:00,65.8,74,bid,,,5447126
2026-07-15T21:05:23.547688,2026-07-15T21:05:23.552401+00:00,65.8,25,bid,,,5447129
2026-07-15T21:05:23.589545,2026-07-15T21:05:23.593993+00:00,65.8,37,bid,,,5447132
2026-07-15T21:05:23.640239,2026-07-15T21:05:23.646765+00:00,66.0,25,bid,,,5447135
2026-07-15T21:05:23.690773,2026-07-15T21:05:23.699820+00:00,66.0,50,bid,,,5447137
2026-07-15T21:05:23.732436,2026-07-15T21:05:23.741922+00:00,66.0,1,bid,,,5447139
2026-07-15T21:05:23.732436,2026-07-15T21:05:23.741922+00:00,66.0,24,bid,,,5447140
2026-07-15T21:05:23.827672,2026-07-15T21:05:23.832026+00:00,66.0,25,bid,,,5447144
2026-07-15T21:05:23.981905,2026-07-15T21:05:23.991762+00:00,66.1,2,bid,,,5447145
2026-07-15T21:05:25.854072,2026-07-15T21:05:25.860884+00:00,65.7,10,ask,,,5447178
2026-07-15T21:05:25.854072,2026-07-15T21:05:25.860884+00:00,65.5,40,ask,,,5447179
2026-07-15T21:05:26.466379,2026-07-15T21:05:26.471820+00:00,66.2,14,ask,,,5447185
2026-07-15T21:05:26.470845,2026-07-15T21:05:26.482587+00:00,66.2,13,ask,,,5447186
2026-07-15T21:05:26.510078,2026-07-15T21:05:26.514693+00:00,66.2,9,ask,,,5447188
2026-07-15T21:05:26.703997,2026-07-15T21:05:26.706123+00:00,66.2,61,ask,,,5447193
2026-07-15T21:05:26.728250,2026-07-15T21:05:26.738406+00:00,66.2,25,ask,,,5447195
2026-07-15T21:05:26.754394,2026-07-15T21:05:26.759837+00:00,66.2,14,ask,,,5447197
2026-07-15T21:05:26.989500,2026-07-15T21:05:27.000959+00:00,66.2,14,ask,,,5447203
2026-07-15T21:05:26.989500,2026-07-15T21:05:27.000959+00:00,66.2,11,ask,,,5447204
2026-07-15T21:05:27.090958,2026-07-15T21:05:27.093200+00:00,66.2,25,ask,,,5447209
2026-07-15T21:05:27.970368,2026-07-15T21:05:27.973628+00:00,65.9,28,ask,,,5447223
2026-07-15T21:05:27.970368,2026-07-15T21:05:27.984140+00:00,65.8,22,ask,,,5447224
2026-07-15T21:05:30.087853,2026-07-15T21:05:30.090833+00:00,65.9,10,ask,,,5447255
2026-07-15T21:05:30.087853,2026-07-15T21:05:30.101383+00:00,65.9,14,ask,,,5447256
2026-07-15T21:05:30.087853,2026-07-15T21:05:30.101383+00:00,65.8,26,ask,,,5447257
2026-07-15T21:05:32.195121,2026-07-15T21:05:32.206754+00:00,66.0,2,bid,,,5447290
2026-07-15T21:05:32.210629,2026-07-15T21:05:32.217339+00:00,65.9,10,ask,,,5447292
2026-07-15T21:05:32.210629,2026-07-15T21:05:32.217339+00:00,65.9,40,ask,,,5447293
2026-07-15T21:05:32.867313,2026-07-15T21:05:32.876427+00:00,65.9,10,ask,,,5447305
2026-07-15T21:05:32.867313,2026-07-15T21:05:32.876427+00:00,65.9,50,ask,,,5447306
2026-07-15T21:05:32.880545,2026-07-15T21:05:32.887009+00:00,65.9,38,bid,,,5447307
2026-07-15T21:05:32.958613,2026-07-15T21:05:32.960634+00:00,65.9,25,bid,,,5447309
2026-07-15T21:05:33.051583,2026-07-15T21:05:33.054974+00:00,65.9,25,bid,,,5447312
2026-07-15T21:05:33.106498,2026-07-15T21:05:33.117945+00:00,65.9,2,bid,,,5447313
2026-07-15T21:05:33.106498,2026-07-15T21:05:33.117945+00:00,66.0,40,bid,,,5447314
2026-07-15T21:05:33.219142,2026-07-15T21:05:33.223132+00:00,66.0,2,bid,,,5447318
2026-07-15T21:05:34.251136,2026-07-15T21:05:34.257547+00:00,66.0,2,bid,,,5447326
2026-07-15T21:05:34.323345,2026-07-15T21:05:34.331179+00:00,65.8,50,ask,,,5447329
2026-07-15T21:05:34.578976,2026-07-15T21:05:34.584684+00:00,66.0,40,bid,,,5447336
2026-07-15T21:05:35.284353,2026-07-15T21:05:35.295125+00:00,66.0,2,bid,,,5447352
2026-07-15T21:05:35.981582,2026-07-15T21:05:35.988649+00:00,65.9,32,bid,,,5447369
2026-07-15T21:05:35.981582,2026-07-15T21:05:35.988649+00:00,65.9,50,bid,,,5447370
2026-07-15T21:05:36.120185,2026-07-15T21:05:36.125317+00:00,66.0,41,bid,,,5447374
2026-07-15T21:05:36.458014,2026-07-15T21:05:36.462935+00:00,65.9,50,ask,,,5447382
2026-07-15T21:05:36.720851,2026-07-15T21:05:36.726068+00:00,65.9,18,ask,,,5447385
2026-07-15T21:05:36.720851,2026-07-15T21:05:36.726068+00:00,65.9,29,ask,,,5447386
2026-07-15T21:05:37.313418,2026-07-15T21:05:37.325769+00:00,66.0,43,bid,,,5447395
2026-07-15T21:05:37.340924,2026-07-15T21:05:37.346893+00:00,66.0,2,bid,,,5447396
2026-07-15T21:05:38.042311,2026-07-15T21:05:38.054757+00:00,66.0,14,bid,,,5447408
2026-07-15T21:05:38.042311,2026-07-15T21:05:38.054757+00:00,66.0,11,bid,,,5447409
2026-07-15T21:05:38.565518,2026-07-15T21:05:38.596059+00:00,66.0,10,ask,,,5447420
2026-07-15T21:05:38.565518,2026-07-15T21:05:38.596059+00:00,65.9,40,ask,,,5447421
2026-07-15T21:05:39.200352,2026-07-15T21:05:39.203531+00:00,66.1,100,ask,,,5447436
2026-07-15T21:05:39.200352,2026-07-15T21:05:39.214079+00:00,66.1,50,ask,,,5447437
2026-07-15T21:05:39.434163,2026-07-15T21:05:39.435908+00:00,66.0,12,ask,,,5447443
2026-07-15T21:05:39.434163,2026-07-15T21:05:39.446425+00:00,65.5,31,ask,,,5447444
2026-07-15T21:05:40.549881,2026-07-15T21:05:40.558799+00:00,66.3,42,bid,,,5447464
2026-07-15T21:05:40.676090,2026-07-15T21:05:40.685709+00:00,65.5,50,ask,,,5447465
2026-07-15T21:05:42.788979,2026-07-15T21:05:42.796158+00:00,65.8,50,ask,,,5447504
2026-07-15T21:05:43.060295,2026-07-15T21:05:43.067547+00:00,65.8,48,ask,,,5447517
2026-07-15T21:05:44.625596,2026-07-15T21:05:44.637418+00:00,66.2,46,bid,,,5447553
2026-07-15T21:05:44.688067,2026-07-15T21:05:44.690681+00:00,65.8,2,ask,,,5447554
2026-07-15T21:05:44.688067,2026-07-15T21:05:44.701280+00:00,65.8,38,ask,,,5447555
2026-07-15T21:05:45.350784,2026-07-15T21:05:45.355608+00:00,66.0,20,bid,,,5447568
2026-07-15T21:05:45.608297,2026-07-15T21:05:45.620366+00:00,66.0,25,bid,,,5447580
2026-07-15T21:05:45.617978,2026-07-15T21:05:45.620366+00:00,66.0,2,bid,,,5447581
2026-07-15T21:05:45.904950,2026-07-15T21:05:45.916482+00:00,66.0,41,bid,,,5447589
2026-07-15T21:05:46.976364,2026-07-15T21:05:46.985046+00:00,66.0,12,bid,,,5447618
2026-07-15T21:05:46.976364,2026-07-15T21:05:46.985046+00:00,66.0,38,bid,,,5447619
2026-07-15T21:05:48.727256,2026-07-15T21:05:48.735432+00:00,65.9,2,bid,,,5447651
2026-07-15T21:05:48.963909,2026-07-15T21:05:48.966568+00:00,65.8,14,ask,,,5447658
2026-07-15T21:05:48.963909,2026-07-15T21:05:48.977186+00:00,65.7,33,ask,,,5447659
2026-07-15T21:05:49.166133,2026-07-15T21:05:49.176728+00:00,65.8,10,ask,,,5447667
2026-07-15T21:05:49.166133,2026-07-15T21:05:49.176728+00:00,65.7,40,ask,,,5447668
2026-07-15T21:05:49.751515,2026-07-15T21:05:49.760415+00:00,65.9,2,bid,,,5447674
2026-07-15T21:05:50.430272,2026-07-15T21:05:50.441043+00:00,65.9,20,bid,,,5447684
2026-07-15T21:05:50.781876,2026-07-15T21:05:50.786677+00:00,65.9,25,bid,,,5447686
2026-07-15T21:05:50.788262,2026-07-15T21:05:50.797280+00:00,65.9,2,bid,,,5447687
2026-07-15T21:05:51.044792,2026-07-15T21:05:51.051462+00:00,65.9,20,bid,,,5447693
2026-07-15T21:05:51.224554,2026-07-15T21:05:51.230687+00:00,65.9,50,bid,,,5447698
2026-07-15T21:05:51.661270,2026-07-15T21:05:51.664141+00:00,65.9,20,bid,,,5447703
2026-07-15T21:05:51.813547,2026-07-15T21:05:51.819417+00:00,66.0,100,bid,,,5447706
2026-07-15T21:05:51.879525,2026-07-15T21:05:51.883734+00:00,66.1,38,ask,,,5447707
2026-07-15T21:05:52.331525,2026-07-15T21:05:52.338409+00:00,66.1,12,ask,,,5447714
2026-07-15T21:05:52.331525,2026-07-15T21:05:52.338409+00:00,66.1,13,ask,,,5447715
2026-07-15T21:05:52.427467,2026-07-15T21:05:52.433851+00:00,66.1,25,ask,,,5447718
2026-07-15T21:05:52.788064,2026-07-15T21:05:52.802463+00:00,66.1,8,ask,,,5447721
2026-07-15T21:05:53.268456,2026-07-15T21:05:53.276660+00:00,66.4,24,bid,,,5447727
2026-07-15T21:05:53.349991,2026-07-15T21:05:53.361386+00:00,66.5,10,bid,,,5447729
2026-07-15T21:05:53.349991,2026-07-15T21:05:53.361386+00:00,66.5,40,bid,,,5447730
2026-07-15T21:05:55.172879,2026-07-15T21:05:55.178057+00:00,66.0,3,bid,,,5447764
2026-07-15T21:05:55.177094,2026-07-15T21:05:55.188719+00:00,66.0,61,bid,,,5447765
2026-07-15T21:05:55.227123,2026-07-15T21:05:55.230809+00:00,66.0,28,bid,,,5447766
2026-07-15T21:05:55.248487,2026-07-15T21:05:55.252206+00:00,66.0,25,bid,,,5447769
2026-07-15T21:05:55.341103,2026-07-15T21:05:55.347299+00:00,66.0,25,bid,,,5447771
2026-07-15T21:05:55.464016,2026-07-15T21:05:55.473838+00:00,66.0,8,bid,,,5447773
2026-07-15T21:05:55.464016,2026-07-15T21:05:55.473838+00:00,66.3,42,bid,,,5447774
2026-07-15T21:05:55.793297,2026-07-15T21:05:55.800228+00:00,65.9,23,ask,,,5447785
2026-07-15T21:05:55.793297,2026-07-15T21:05:55.800228+00:00,65.8,19,ask,,,5447786
2026-07-15T21:05:57.604594,2026-07-15T21:05:57.645832+00:00,66.3,50,bid,,,5447805
2026-07-15T21:05:57.804473,2026-07-15T21:05:57.809347+00:00,66.1,3,ask,,,5447810
2026-07-15T21:05:57.843867,2026-07-15T21:05:57.851786+00:00,66.1,14,ask,,,5447812
2026-07-15T21:05:58.175545,2026-07-15T21:05:58.179447+00:00,66.2,50,bid,,,5447814
2026-07-15T21:05:58.190878,2026-07-15T21:05:58.200768+00:00,66.2,61,ask,,,5447816
2026-07-15T21:05:58.259995,2026-07-15T21:05:58.264228+00:00,66.2,25,ask,,,5447821
2026-07-15T21:05:58.287836,2026-07-15T21:05:58.295916+00:00,66.2,14,ask,,,5447823
2026-07-15T21:05:59.720154,2026-07-15T21:05:59.728658+00:00,66.4,26,bid,,,5447838
2026-07-15T21:05:59.720154,2026-07-15T21:05:59.728658+00:00,66.5,10,bid,,,5447839
2026-07-15T21:05:59.720154,2026-07-15T21:05:59.728658+00:00,66.5,14,bid,,,5447840
2026-07-15T21:06:00.035919,2026-07-15T21:06:00.038342+00:00,66.6,42,bid,,,5447848
2026-07-15T21:06:01.088900,2026-07-15T21:06:01.094668+00:00,66.2,25,ask,,,5447867
2026-07-15T21:06:01.211792,2026-07-15T21:06:01.223637+00:00,66.2,25,ask,,,5447870
2026-07-15T21:06:01.394578,2026-07-15T21:06:01.403567+00:00,66.2,50,ask,,,5447872
2026-07-15T21:06:01.394578,2026-07-15T21:06:01.403567+00:00,66.2,50,ask,,,5447873
2026-07-15T21:06:01.394578,2026-07-15T21:06:01.403567+00:00,66.1,40,ask,,,5447874
2026-07-15T21:06:01.743067,2026-07-15T21:06:01.746890+00:00,66.1,10,bid,,,5447879
2026-07-15T21:06:01.833641,2026-07-15T21:06:01.844400+00:00,66.3,10,bid,,,5447880
2026-07-15T21:06:01.833641,2026-07-15T21:06:01.844400+00:00,66.3,20,bid,,,5447881
2026-07-15T21:06:01.833641,2026-07-15T21:06:01.844400+00:00,66.7,20,bid,,,5447882
2026-07-15T21:06:03.952787,2026-07-15T21:06:03.956604+00:00,66.6,10,bid,,,5447921
2026-07-15T21:06:03.952787,2026-07-15T21:06:03.967245+00:00,66.6,40,bid,,,5447922
2026-07-15T21:06:04.529300,2026-07-15T21:06:04.536489+00:00,66.4,10,ask,,,5447933
2026-07-15T21:06:04.600244,2026-07-15T21:06:04.610708+00:00,66.4,45,ask,,,5447934
2026-07-15T21:06:04.840364,2026-07-15T21:06:04.843866+00:00,66.4,42,ask,,,5447943
2026-07-15T21:06:04.840724,2026-07-15T21:06:04.854736+00:00,66.4,25,ask,,,5447944
2026-07-15T21:06:04.973672,2026-07-15T21:06:04.981196+00:00,66.4,14,ask,,,5447950
2026-07-15T21:06:05.074418,2026-07-15T21:06:05.076258+00:00,66.5,10,bid,,,5447952
2026-07-15T21:06:05.074418,2026-07-15T21:06:05.086805+00:00,66.5,31,bid,,,5447953
2026-07-15T21:06:05.108714,2026-07-15T21:06:05.118809+00:00,66.4,14,ask,,,5447955
2026-07-15T21:06:05.730748,2026-07-15T21:06:05.742406+00:00,66.1,41,ask,,,5447966
2026-07-15T21:06:06.065466,2026-07-15T21:06:06.070210+00:00,66.4,20,bid,,,5447970
2026-07-15T21:06:06.065466,2026-07-15T21:06:06.070210+00:00,66.5,10,bid,,,5447971
2026-07-15T21:06:06.065466,2026-07-15T21:06:06.080973+00:00,66.5,20,bid,,,5447972
2026-07-15T21:06:06.358378,2026-07-15T21:06:06.365362+00:00,66.4,13,bid,,,5447979
2026-07-15T21:06:06.358378,2026-07-15T21:06:06.365362+00:00,66.4,10,bid,,,5447980
2026-07-15T21:06:06.358378,2026-07-15T21:06:06.365362+00:00,66.5,13,bid,,,5447981
2026-07-15T21:06:06.358378,2026-07-15T21:06:06.376021+00:00,66.6,8,bid,,,5447982
2026-07-15T21:06:07.732486,2026-07-15T21:06:07.737649+00:00,66.2,18,ask,,,5448005
2026-07-15T21:06:07.732486,2026-07-15T21:06:07.748166+00:00,66.2,50,ask,,,5448006
2026-07-15T21:06:07.732486,2026-07-15T21:06:07.748166+00:00,66.1,70,ask,,,5448007
2026-07-15T21:06:08.175286,2026-07-15T21:06:08.178787+00:00,66.1,12,bid,,,5448014
2026-07-15T21:06:08.175286,2026-07-15T21:06:08.189356+00:00,66.3,10,bid,,,5448015
2026-07-15T21:06:08.175286,2026-07-15T21:06:08.189356+00:00,66.3,28,bid,,,5448016
2026-07-15T21:06:08.814006,2026-07-15T21:06:08.823619+00:00,66.4,46,bid,,,5448026
2026-07-15T21:06:10.287776,2026-07-15T21:06:10.304364+00:00,66.4,50,bid,,,5448042
2026-07-15T21:06:10.361330,2026-07-15T21:06:10.367938+00:00,66.0,28,ask,,,5448043
2026-07-15T21:06:10.361330,2026-07-15T21:06:10.367938+00:00,65.9,14,ask,,,5448044
2026-07-15T21:06:10.889446,2026-07-15T21:06:10.898216+00:00,66.3,10,bid,,,5448054
2026-07-15T21:06:11.363865,2026-07-15T21:06:11.371091+00:00,66.3,40,ask,,,5448062
2026-07-15T21:06:11.845525,2026-07-15T21:06:11.884905+00:00,66.7,45,bid,,,5448066
2026-07-15T21:06:12.315817,2026-07-15T21:06:12.321350+00:00,66.4,10,ask,,,5448089
2026-07-15T21:06:12.315817,2026-07-15T21:06:12.321350+00:00,66.4,15,ask,,,5448090
2026-07-15T21:06:12.330059,2026-07-15T21:06:12.331973+00:00,66.4,6,ask,,,5448091
2026-07-15T21:06:12.450918,2026-07-15T21:06:12.459011+00:00,66.4,12,ask,,,5448094
2026-07-15T21:06:12.450918,2026-07-15T21:06:12.459011+00:00,66.3,38,ask,,,5448095
2026-07-15T21:06:12.523500,2026-07-15T21:06:12.532664+00:00,66.3,4,ask,,,5448097
2026-07-15T21:06:12.530089,2026-07-15T21:06:12.532664+00:00,66.3,2,ask,,,5448098
2026-07-15T21:06:13.560273,2026-07-15T21:06:13.567173+00:00,66.3,2,ask,,,5448108
2026-07-15T21:06:13.739307,2026-07-15T21:06:13.747280+00:00,66.4,50,bid,,,5448111
2026-07-15T21:06:13.739307,2026-07-15T21:06:13.747280+00:00,66.4,10,bid,,,5448112
2026-07-15T21:06:13.739307,2026-07-15T21:06:13.747280+00:00,66.5,40,bid,,,5448113
2026-07-15T21:06:18.118623,2026-07-15T21:06:18.123370+00:00,66.1,10,ask,,,5448173
2026-07-15T21:06:18.118623,2026-07-15T21:06:18.123370+00:00,66.1,38,ask,,,5448174
2026-07-15T21:06:18.776893,2026-07-15T21:06:18.787611+00:00,66.5,50,bid,,,5448183
2026-07-15T21:06:20.195218,2026-07-15T21:06:20.198995+00:00,66.4,10,bid,,,5448194
2026-07-15T21:06:20.195218,2026-07-15T21:06:20.209556+00:00,66.4,37,bid,,,5448195
2026-07-15T21:06:20.253730,2026-07-15T21:06:20.262226+00:00,66.1,10,ask,,,5448196
2026-07-15T21:06:20.253730,2026-07-15T21:06:20.262226+00:00,66.1,30,ask,,,5448197
2026-07-15T21:06:20.718607,2026-07-15T21:06:20.726979+00:00,66.1,44,ask,,,5448208
2026-07-15T21:06:20.885673,2026-07-15T21:06:20.894824+00:00,66.4,50,bid,,,5448211
2026-07-15T21:06:21.504548,2026-07-15T21:06:21.506488+00:00,66.4,50,bid,,,5448227
2026-07-15T21:06:21.504548,2026-07-15T21:06:21.517080+00:00,66.4,10,bid,,,5448228
2026-07-15T21:06:21.504548,2026-07-15T21:06:21.517080+00:00,66.4,20,bid,,,5448229
2026-07-15T21:06:21.569825,2026-07-15T21:06:21.580203+00:00,66.4,25,bid,,,5448231
2026-07-15T21:06:22.999604,2026-07-15T21:06:23.014403+00:00,66.5,10,bid,,,5448255
2026-07-15T21:06:22.999604,2026-07-15T21:06:23.025016+00:00,66.6,40,bid,,,5448256
2026-07-15T21:06:23.654472,2026-07-15T21:06:23.657263+00:00,66.6,38,bid,,,5448265
2026-07-15T21:06:23.654472,2026-07-15T21:06:23.667777+00:00,66.7,6,bid,,,5448266
2026-07-15T21:06:24.534690,2026-07-15T21:06:24.542283+00:00,66.3,41,ask,,,5448279
2026-07-15T21:06:25.116836,2026-07-15T21:06:25.122633+00:00,66.6,10,bid,,,5448285
2026-07-15T21:06:25.116836,2026-07-15T21:06:25.122633+00:00,66.7,40,bid,,,5448286
2026-07-15T21:06:26.729501,2026-07-15T21:06:26.733072+00:00,66.4,38,ask,,,5448308
2026-07-15T21:06:27.246871,2026-07-15T21:06:27.251905+00:00,66.6,20,bid,,,5448315
2026-07-15T21:06:27.246871,2026-07-15T21:06:27.262576+00:00,66.7,30,bid,,,5448316
2026-07-15T21:06:31.069959,2026-07-15T21:06:31.074327+00:00,66.5,13,bid,,,5448381
2026-07-15T21:06:31.069959,2026-07-15T21:06:31.084858+00:00,66.5,10,bid,,,5448382
2026-07-15T21:06:31.069959,2026-07-15T21:06:31.084858+00:00,66.6,13,bid,,,5448383
2026-07-15T21:06:31.069959,2026-07-15T21:06:31.084858+00:00,66.8,13,bid,,,5448384
2026-07-15T21:06:33.604062,2026-07-15T21:06:33.615747+00:00,66.7,8,bid,,,5448426
2026-07-15T21:06:33.604062,2026-07-15T21:06:33.615747+00:00,66.8,8,bid,,,5448427
2026-07-15T21:06:34.075746,2026-07-15T21:06:34.085515+00:00,66.6,1,ask,,,5448444
2026-07-15T21:06:34.510386,2026-07-15T21:06:34.518298+00:00,66.4,47,ask,,,5448448
2026-07-15T21:06:35.768601,2026-07-15T21:06:35.776089+00:00,66.4,50,ask,,,5448471
2026-07-15T21:06:36.199270,2026-07-15T21:06:36.208690+00:00,66.6,23,bid,,,5448481
2026-07-15T21:06:36.205612,2026-07-15T21:06:36.208690+00:00,66.6,2,bid,,,5448482
2026-07-15T21:06:37.879039,2026-07-15T21:06:37.883668+00:00,66.5,50,ask,,,5448519
2026-07-15T21:06:38.649112,2026-07-15T21:06:38.650801+00:00,66.6,43,bid,,,5448530
2026-07-15T21:06:40.018071,2026-07-15T21:06:40.026686+00:00,66.3,50,ask,,,5448557
2026-07-15T21:06:42.126703,2026-07-15T21:06:42.137998+00:00,66.3,50,ask,,,5448590
2026-07-15T21:06:42.552157,2026-07-15T21:06:42.562923+00:00,66.3,47,ask,,,5448600
2026-07-15T21:06:43.027214,2026-07-15T21:06:43.037003+00:00,66.5,47,bid,,,5448606
2026-07-15T21:06:44.209492,2026-07-15T21:06:44.213743+00:00,66.5,50,bid,,,5448627
2026-07-15T21:06:45.738142,2026-07-15T21:06:45.744228+00:00,66.5,47,bid,,,5448648
2026-07-15T21:06:45.794235,2026-07-15T21:06:45.797363+00:00,66.3,49,ask,,,5448653
2026-07-15T21:06:46.502618,2026-07-15T21:06:46.524003+00:00,66.6,1,bid,,,5448661
2026-07-15T21:06:47.053492,2026-07-15T21:06:47.062228+00:00,66.6,41,bid,,,5448668
2026-07-15T21:06:47.395612,2026-07-15T21:06:47.402114+00:00,66.6,6,bid,,,5448677
2026-07-15T21:06:47.529985,2026-07-15T21:06:47.538735+00:00,66.6,5,bid,,,5448680
2026-07-15T21:06:48.457658,2026-07-15T21:06:48.469360+00:00,66.6,47,bid,,,5448690
2026-07-15T21:06:48.592037,2026-07-15T21:06:48.596309+00:00,66.8,100,bid,,,5448692
2026-07-15T21:06:49.814662,2026-07-15T21:06:49.817924+00:00,66.6,25,ask,,,5448715
2026-07-15T21:06:49.889747,2026-07-15T21:06:49.891920+00:00,66.6,42,ask,,,5448717
2026-07-15T21:06:49.907812,2026-07-15T21:06:49.913072+00:00,66.6,25,ask,,,5448719
2026-07-15T21:06:50.092976,2026-07-15T21:06:50.102457+00:00,66.6,47,ask,,,5448721
2026-07-15T21:06:50.513865,2026-07-15T21:06:50.528988+00:00,66.6,11,ask,,,5448728
2026-07-15T21:06:50.513865,2026-07-15T21:06:50.528988+00:00,66.6,8,ask,,,5448729
2026-07-15T21:06:50.524027,2026-07-15T21:06:50.528988+00:00,66.6,3,ask,,,5448731
2026-07-15T21:06:50.528169,2026-07-15T21:06:50.539899+00:00,66.6,15,ask,,,5448732
2026-07-15T21:06:50.592926,2026-07-15T21:06:50.603884+00:00,66.6,24,ask,,,5448735
2026-07-15T21:06:50.606220,2026-07-15T21:06:50.614906+00:00,66.5,2,ask,,,5448737
2026-07-15T21:06:50.620038,2026-07-15T21:06:50.625749+00:00,66.5,50,ask,,,5448739
2026-07-15T21:06:51.074388,2026-07-15T21:06:51.078734+00:00,67.1,45,bid,,,5448746
2026-07-15T21:06:52.187276,2026-07-15T21:06:52.196300+00:00,66.6,100,ask,,,5448759
2026-07-15T21:06:52.187276,2026-07-15T21:06:52.196300+00:00,66.6,50,ask,,,5448760
2026-07-15T21:06:52.688381,2026-07-15T21:06:52.703967+00:00,67.0,50,bid,,,5448770
2026-07-15T21:06:53.362362,2026-07-15T21:06:53.369343+00:00,66.1,43,ask,,,5448784
2026-07-15T21:06:54.432003,2026-07-15T21:06:54.437426+00:00,67.1,45,bid,,,5448799
2026-07-15T21:06:55.001738,2026-07-15T21:06:55.007185+00:00,66.5,40,ask,,,5448808
2026-07-15T21:06:55.910215,2026-07-15T21:06:55.916924+00:00,66.9,18,ask,,,5448820
2026-07-15T21:06:56.421963,2026-07-15T21:06:56.433261+00:00,66.8,7,ask,,,5448826
2026-07-15T21:06:56.526005,2026-07-15T21:06:56.528140+00:00,66.8,20,ask,,,5448830
2026-07-15T21:06:56.719863,2026-07-15T21:06:56.728384+00:00,66.8,25,ask,,,5448834
2026-07-15T21:06:56.732472,2026-07-15T21:06:56.738977+00:00,66.8,2,ask,,,5448836
2026-07-15T21:06:56.983011,2026-07-15T21:06:56.991583+00:00,66.8,50,ask,,,5448838
2026-07-15T21:06:57.089482,2026-07-15T21:06:57.094532+00:00,66.9,3,bid,,,5448843
2026-07-15T21:06:57.760433,2026-07-15T21:06:57.769783+00:00,66.9,43,bid,,,5448851
2026-07-15T21:06:58.392000,2026-07-15T21:06:58.396923+00:00,66.9,3,ask,,,5448860
2026-07-15T21:06:58.438738,2026-07-15T21:06:58.449816+00:00,66.9,21,ask,,,5448862
2026-07-15T21:06:58.443367,2026-07-15T21:06:58.449816+00:00,66.9,22,ask,,,5448863
2026-07-15T21:06:58.534647,2026-07-15T21:06:58.539611+00:00,66.7,3,bid,,,5448866
2026-07-15T21:06:58.818108,2026-07-15T21:06:58.824013+00:00,66.7,22,bid,,,5448871
2026-07-15T21:06:59.040856,2026-07-15T21:06:59.044942+00:00,66.7,50,bid,,,5448875
2026-07-15T21:06:59.849151,2026-07-15T21:06:59.855256+00:00,66.7,2,bid,,,5448885
2026-07-15T21:06:59.941305,2026-07-15T21:06:59.950242+00:00,66.7,61,bid,,,5448888
2026-07-15T21:06:59.955904,2026-07-15T21:06:59.960881+00:00,66.7,12,bid,,,5448890
2026-07-15T21:07:01.260265,2026-07-15T21:07:01.270006+00:00,66.6,10,ask,,,5448909
2026-07-15T21:07:01.260265,2026-07-15T21:07:01.270006+00:00,66.6,40,ask,,,5448910
2026-07-15T21:07:01.632499,2026-07-15T21:07:01.640048+00:00,66.8,100,bid,,,5448914
2026-07-15T21:07:01.632499,2026-07-15T21:07:01.640048+00:00,66.8,40,bid,,,5448915
2026-07-15T21:07:01.703250,2026-07-15T21:07:01.713662+00:00,66.9,10,ask,,,5448916
2026-07-15T21:07:02.931794,2026-07-15T21:07:02.934442+00:00,66.3,48,ask,,,5448927
2026-07-15T21:07:03.373998,2026-07-15T21:07:03.378306+00:00,66.4,10,ask,,,5448937
2026-07-15T21:07:03.373998,2026-07-15T21:07:03.378306+00:00,66.3,40,ask,,,5448938
2026-07-15T21:07:05.484619,2026-07-15T21:07:05.491451+00:00,66.6,10,ask,,,5448968
2026-07-15T21:07:05.484619,2026-07-15T21:07:05.491451+00:00,66.6,40,ask,,,5448969
2026-07-15T21:07:05.518254,2026-07-15T21:07:05.524143+00:00,66.9,49,bid,,,5448971
2026-07-15T21:07:07.117507,2026-07-15T21:07:07.126635+00:00,66.6,1,ask,,,5448993
2026-07-15T21:07:07.601667,2026-07-15T21:07:07.613482+00:00,66.6,10,ask,,,5449000
2026-07-15T21:07:07.601667,2026-07-15T21:07:07.613482+00:00,66.6,40,ask,,,5449001
2026-07-15T21:07:08.156365,2026-07-15T21:07:08.166396+00:00,66.9,2,bid,,,5449007
2026-07-15T21:07:09.720765,2026-07-15T21:07:09.723330+00:00,66.6,50,ask,,,5449028
2026-07-15T21:07:11.292414,2026-07-15T21:07:11.300459+00:00,66.7,9,ask,,,5449049
2026-07-15T21:07:11.525671,2026-07-15T21:07:11.535171+00:00,66.8,10,bid,,,5449053
2026-07-15T21:07:11.604031,2026-07-15T21:07:11.609121+00:00,66.8,13,bid,,,5449056
2026-07-15T21:07:11.832410,2026-07-15T21:07:11.843349+00:00,66.7,6,ask,,,5449060
2026-07-15T21:07:11.832410,2026-07-15T21:07:11.843349+00:00,66.6,6,ask,,,5449061
2026-07-15T21:07:11.832410,2026-07-15T21:07:11.843349+00:00,66.6,38,ask,,,5449062
2026-07-15T21:07:12.326237,2026-07-15T21:07:12.333161+00:00,66.8,2,bid,,,5449068
2026-07-15T21:07:12.492192,2026-07-15T21:07:12.502674+00:00,66.8,28,bid,,,5449070
2026-07-15T21:07:13.362629,2026-07-15T21:07:13.367414+00:00,66.7,2,ask,,,5449080
2026-07-15T21:07:13.362629,2026-07-15T21:07:13.367414+00:00,66.7,3,ask,,,5449081
2026-07-15T21:07:13.950015,2026-07-15T21:07:13.953105+00:00,66.7,2,ask,,,5449087
