timestamp,recv_time,price,volume,aggressor_side,buyer,seller,trade_id
2026-07-04T17:00:00.496000,2026-07-04T17:00:00.505932+00:00,139.3,11,bid,Xuanyu Liu,EarnestEspressos,7257343
2026-07-04T17:00:00.648532,2026-07-04T17:00:00.660410+00:00,138.9,50,ask,DiligentDonuts,FlawlessFlatbreads,7257349
2026-07-04T17:00:02.319970,2026-07-04T17:00:02.331665+00:00,139.1,2,ask,DiligentDonuts,Alan Tran,7257383
2026-07-04T17:00:02.756969,2026-07-04T17:00:02.768619+00:00,139.1,50,ask,DiligentDonuts,FlawlessFlatbreads,7257393
2026-07-04T17:00:03.606205,2026-07-04T17:00:03.617572+00:00,139.1,48,ask,DiligentDonuts,EarnestEspressos,7257412
2026-07-04T17:00:04.067053,2026-07-04T17:00:04.079011+00:00,139.1,43,bid,CostlyCorianders,EarnestEspressos,7257421
2026-07-04T17:00:04.865356,2026-07-04T17:00:04.874487+00:00,138.6,50,ask,EarnestEspressos,FlawlessFlatbreads,7257430
2026-07-04T17:00:06.974840,2026-07-04T17:00:06.985521+00:00,138.6,50,ask,DiligentDonuts,FlawlessFlatbreads,7257472
2026-07-04T17:00:07.789236,2026-07-04T17:00:07.800784+00:00,138.6,43,ask,DiligentDonuts,CostlyCorianders,7257489
2026-07-04T17:00:08.069914,2026-07-04T17:00:08.082022+00:00,138.8,3,bid,Xuanyu Liu,DiligentDonuts,7257493
2026-07-04T17:00:09.080525,2026-07-04T17:00:09.092322+00:00,138.6,50,ask,EarnestEspressos,FlawlessFlatbreads,7257515
2026-07-04T17:00:09.913956,2026-07-04T17:00:09.920983+00:00,138.8,40,bid,CostlyCorianders,DiligentDonuts,7257525
2026-07-04T17:00:11.048367,2026-07-04T17:00:11.057643+00:00,138.3,49,ask,DiligentDonuts,CostlyCorianders,7257545
2026-07-04T17:00:11.189153,2026-07-04T17:00:11.200308+00:00,138.3,50,ask,EarnestEspressos,FlawlessFlatbreads,7257554
2026-07-04T17:00:13.299572,2026-07-04T17:00:13.308459+00:00,138.3,50,ask,DiligentDonuts,FlawlessFlatbreads,7257592
2026-07-04T17:00:13.642830,2026-07-04T17:00:13.654692+00:00,138.3,43,ask,DiligentDonuts,CostlyCorianders,7257595
2026-07-04T17:00:14.409918,2026-07-04T17:00:14.419760+00:00,138.4,14,bid,Xuanyu Liu,DiligentDonuts,7257605
2026-07-04T17:00:15.018776,2026-07-04T17:00:15.030505+00:00,138.4,4,bid,Aaron Tian,DiligentDonuts,7257615
2026-07-04T17:00:15.427183,2026-07-04T17:00:15.441348+00:00,138.1,50,ask,EarnestEspressos,FlawlessFlatbreads,7257626
2026-07-04T17:00:15.633499,2026-07-04T17:00:15.645323+00:00,138.4,48,bid,CostlyCorianders,DiligentDonuts,7257629
2026-07-04T17:00:16.723664,2026-07-04T17:00:16.731813+00:00,138.1,12,bid,Xuanyu Liu,EarnestEspressos,7257646
2026-07-04T17:00:16.789448,2026-07-04T17:00:16.797370+00:00,138.1,11,bid,Xuanyu Liu,EarnestEspressos,7257648
2026-07-04T17:00:17.355008,2026-07-04T17:00:17.358561+00:00,138.1,25,bid,Alan Tran,EarnestEspressos,7257661
2026-07-04T17:00:17.534238,2026-07-04T17:00:17.545854+00:00,138.0,50,ask,DiligentDonuts,FlawlessFlatbreads,7257664
2026-07-04T17:00:18.294967,2026-07-04T17:00:18.304395+00:00,138.1,4,bid,Aaron Tian,EarnestEspressos,7257678
2026-07-04T17:00:19.669618,2026-07-04T17:00:19.681406+00:00,138.0,50,ask,DiligentDonuts,FlawlessFlatbreads,7257702
2026-07-04T17:00:21.572766,2026-07-04T17:00:21.584325+00:00,138.2,4,bid,Aaron Tian,DiligentDonuts,7257735
2026-07-04T17:00:21.781847,2026-07-04T17:00:21.793620+00:00,138.0,50,ask,EarnestEspressos,FlawlessFlatbreads,7257740
2026-07-04T17:00:22.370121,2026-07-04T17:00:22.387289+00:00,138.2,25,bid,Alan Tran,DiligentDonuts,7257753
2026-07-04T17:00:22.649527,2026-07-04T17:00:22.657725+00:00,138.2,49,bid,CostlyCorianders,DiligentDonuts,7257762
2026-07-04T17:00:23.281133,2026-07-04T17:00:23.296903+00:00,137.9,48,ask,EarnestEspressos,CostlyCorianders,7257775
2026-07-04T17:00:23.838633,2026-07-04T17:00:23.849471+00:00,138.4,50,bid,FlawlessFlatbreads,EarnestEspressos,7257785
2026-07-04T17:00:25.948895,2026-07-04T17:00:25.953419+00:00,138.4,50,bid,FlawlessFlatbreads,EarnestEspressos,7257815
2026-07-04T17:00:27.390561,2026-07-04T17:00:27.397521+00:00,138.4,25,bid,Alan Tran,EarnestEspressos,7257838
2026-07-04T17:00:28.077079,2026-07-04T17:00:28.090417+00:00,138.4,50,bid,FlawlessFlatbreads,EarnestEspressos,7257845
2026-07-04T17:00:28.096864,2026-07-04T17:00:28.106105+00:00,138.4,4,bid,Aaron Tian,EarnestEspressos,7257847
2026-07-04T17:00:28.352432,2026-07-04T17:00:28.358582+00:00,138.4,21,bid,CostlyCorianders,EarnestEspressos,7257853
2026-07-04T17:00:28.352432,2026-07-04T17:00:28.358582+00:00,138.5,19,bid,CostlyCorianders,DiligentDonuts,7257854
2026-07-04T17:00:28.880353,2026-07-04T17:00:28.897015+00:00,138.5,81,bid,EarnestEspressos,DiligentDonuts,7257863
2026-07-04T17:00:28.946688,2026-07-04T17:00:28.955509+00:00,138.6,23,ask,EarnestEspressos,Xuanyu Liu,7257864
2026-07-04T17:00:30.184833,2026-07-04T17:00:30.196459+00:00,139.1,50,bid,FlawlessFlatbreads,EarnestEspressos,7257888
2026-07-04T17:00:32.367987,2026-07-04T17:00:32.374523+00:00,138.6,50,ask,EarnestEspressos,FlawlessFlatbreads,7257916
2026-07-04T17:00:32.404957,2026-07-04T17:00:32.416667+00:00,138.9,25,bid,Alan Tran,DiligentDonuts,7257921
2026-07-04T17:00:32.469911,2026-07-04T17:00:32.477135+00:00,138.6,14,ask,EarnestEspressos,Xuanyu Liu,7257923
2026-07-04T17:00:33.222224,2026-07-04T17:00:33.233922+00:00,138.6,42,ask,EarnestEspressos,CostlyCorianders,7257935
2026-07-04T17:00:35.279355,2026-07-04T17:00:35.288186+00:00,138.5,3,bid,Xuanyu Liu,EarnestEspressos,7257958
2026-07-04T17:00:35.724171,2026-07-04T17:00:35.735762+00:00,138.5,49,bid,CostlyCorianders,EarnestEspressos,7257967
2026-07-04T17:00:37.174776,2026-07-04T17:00:37.186142+00:00,138.4,49,ask,DiligentDonuts,CostlyCorianders,7257995
2026-07-04T17:00:37.888407,2026-07-04T17:00:37.898097+00:00,138.5,4,bid,Aaron Tian,EarnestEspressos,7258004
2026-07-04T17:00:38.658621,2026-07-04T17:00:38.670210+00:00,138.7,50,bid,FlawlessFlatbreads,EarnestEspressos,7258015
2026-07-04T17:00:39.110459,2026-07-04T17:00:39.117903+00:00,138.7,45,bid,CostlyCorianders,EarnestEspressos,7258026
2026-07-04T17:00:40.786090,2026-07-04T17:00:40.793061+00:00,138.7,50,bid,FlawlessFlatbreads,EarnestEspressos,7258046
2026-07-04T17:00:41.537118,2026-07-04T17:00:41.549066+00:00,138.9,100,bid,EarnestEspressos,DiligentDonuts,7258055
2026-07-04T17:00:41.602009,2026-07-04T17:00:41.610340+00:00,138.9,3,ask,EarnestEspressos,Xuanyu Liu,7258056
2026-07-04T17:00:42.870368,2026-07-04T17:00:42.881868+00:00,138.9,44,ask,EarnestEspressos,CostlyCorianders,7258081
2026-07-04T17:00:42.892355,2026-07-04T17:00:42.903978+00:00,139.3,50,bid,FlawlessFlatbreads,DiligentDonuts,7258082
2026-07-04T17:00:45.081105,2026-07-04T17:00:45.092907+00:00,138.8,50,ask,DiligentDonuts,FlawlessFlatbreads,7258116
2026-07-04T17:00:45.112206,2026-07-04T17:00:45.119092+00:00,138.9,44,bid,CostlyCorianders,EarnestEspressos,7258117
2026-07-04T17:00:47.188207,2026-07-04T17:00:47.197518+00:00,138.7,50,ask,DiligentDonuts,FlawlessFlatbreads,7258152
2026-07-04T17:00:47.686333,2026-07-04T17:00:47.698238+00:00,138.7,45,ask,DiligentDonuts,CostlyCorianders,7258156
2026-07-04T17:00:48.222834,2026-07-04T17:00:48.233057+00:00,139.1,42,bid,CostlyCorianders,EarnestEspressos,7258166
2026-07-04T17:00:48.730841,2026-07-04T17:00:48.742525+00:00,138.7,5,ask,DiligentDonuts,CostlyCorianders,7258173
2026-07-04T17:00:48.730841,2026-07-04T17:00:48.742525+00:00,138.6,36,ask,EarnestEspressos,CostlyCorianders,7258174
2026-07-04T17:00:49.301490,2026-07-04T17:00:49.310696+00:00,138.6,50,ask,EarnestEspressos,FlawlessFlatbreads,7258180
2026-07-04T17:00:49.882869,2026-07-04T17:00:49.895393+00:00,139.0,42,bid,CostlyCorianders,DiligentDonuts,7258192
2026-07-04T17:00:50.484811,2026-07-04T17:00:50.495149+00:00,138.6,49,ask,EarnestEspressos,CostlyCorianders,7258201
2026-07-04T17:00:51.098090,2026-07-04T17:00:51.106331+00:00,138.9,3,bid,Xuanyu Liu,EarnestEspressos,7258213
2026-07-04T17:00:51.408155,2026-07-04T17:00:51.419047+00:00,138.5,50,ask,DiligentDonuts,FlawlessFlatbreads,7258220
2026-07-04T17:00:52.140487,2026-07-04T17:00:52.148752+00:00,138.9,11,bid,Xuanyu Liu,EarnestEspressos,7258226
2026-07-04T17:00:52.956467,2026-07-04T17:00:52.957337+00:00,138.9,48,bid,CostlyCorianders,EarnestEspressos,7258243
2026-07-04T17:00:53.516307,2026-07-04T17:00:53.528105+00:00,138.7,50,ask,DiligentDonuts,FlawlessFlatbreads,7258252
2026-07-04T17:00:57.263779,2026-07-04T17:00:57.275525+00:00,138.7,42,ask,EarnestEspressos,CostlyCorianders,7258307
2026-07-04T17:00:57.674782,2026-07-04T17:00:57.682514+00:00,139.0,50,bid,FlawlessFlatbreads,DiligentDonuts,7258312
2026-07-04T17:00:59.794318,2026-07-04T17:00:59.805803+00:00,139.0,50,bid,FlawlessFlatbreads,EarnestEspressos,7258341
2026-07-04T17:01:00.031377,2026-07-04T17:01:00.040747+00:00,139.0,12,bid,Xuanyu Liu,EarnestEspressos,7258348
2026-07-04T17:01:00.863588,2026-07-04T17:01:00.875532+00:00,139.0,49,ask,EarnestEspressos,CostlyCorianders,7258368
2026-07-04T17:01:01.901981,2026-07-04T17:01:01.914003+00:00,139.4,50,bid,FlawlessFlatbreads,DiligentDonuts,7258383
2026-07-04T17:01:04.042969,2026-07-04T17:01:04.054674+00:00,139.1,50,bid,FlawlessFlatbreads,EarnestEspressos,7258413
2026-07-04T17:01:04.946109,2026-07-04T17:01:04.951210+00:00,139.1,100,bid,DiligentDonuts,EarnestEspressos,7258425
2026-07-04T17:01:05.769676,2026-07-04T17:01:05.781659+00:00,139.6,42,bid,CostlyCorianders,DiligentDonuts,7258431
2026-07-04T17:01:06.865117,2026-07-04T17:01:06.872084+00:00,139.3,26,ask,EarnestEspressos,Xuanyu Liu,7258455
2026-07-04T17:01:07.392661,2026-07-04T17:01:07.399902+00:00,139.3,49,ask,EarnestEspressos,CostlyCorianders,7258461
2026-07-04T17:01:08.310542,2026-07-04T17:01:08.318085+00:00,139.3,50,ask,EarnestEspressos,FlawlessFlatbreads,7258476
2026-07-04T17:01:09.924398,2026-07-04T17:01:09.936055+00:00,139.4,44,bid,CostlyCorianders,DiligentDonuts,7258502
2026-07-04T17:01:10.364732,2026-07-04T17:01:10.376691+00:00,139.2,50,bid,FlawlessFlatbreads,EarnestEspressos,7258507
2026-07-04T17:01:11.870045,2026-07-04T17:01:11.879057+00:00,139.2,14,bid,Xuanyu Liu,EarnestEspressos,7258533
2026-07-04T17:01:14.631839,2026-07-04T17:01:14.641223+00:00,139.3,50,ask,EarnestEspressos,FlawlessFlatbreads,7258578
2026-07-04T17:01:15.979791,2026-07-04T17:01:15.991542+00:00,139.6,40,bid,CostlyCorianders,DiligentDonuts,7258595
2026-07-04T17:01:16.737347,2026-07-04T17:01:16.748808+00:00,139.1,50,ask,DiligentDonuts,FlawlessFlatbreads,7258610
2026-07-04T17:01:18.632303,2026-07-04T17:01:18.643721+00:00,139.1,49,ask,EarnestEspressos,CostlyCorianders,7258640
2026-07-04T17:01:18.844240,2026-07-04T17:01:18.855916+00:00,139.1,50,ask,EarnestEspressos,FlawlessFlatbreads,7258646
2026-07-04T17:01:19.668313,2026-07-04T17:01:19.676040+00:00,139.1,12,bid,Xuanyu Liu,EarnestEspressos,7258654
2026-07-04T17:01:19.907609,2026-07-04T17:01:19.914197+00:00,139.1,48,bid,CostlyCorianders,EarnestEspressos,7258660
2026-07-04T17:01:20.366740,2026-07-04T17:01:20.375337+00:00,139.0,41,ask,DiligentDonuts,CostlyCorianders,7258667
2026-07-04T17:01:20.949560,2026-07-04T17:01:20.956003+00:00,138.9,50,ask,DiligentDonuts,FlawlessFlatbreads,7258676
2026-07-04T17:01:21.433904,2026-07-04T17:01:21.443825+00:00,139.1,46,bid,CostlyCorianders,EarnestEspressos,7258686
2026-07-04T17:01:22.452680,2026-07-04T17:01:22.450051+00:00,139.1,44,bid,CostlyCorianders,EarnestEspressos,7258698
2026-07-04T17:01:22.452680,2026-07-04T17:01:22.468710+00:00,139.4,3,bid,CostlyCorianders,DiligentDonuts,7258699
2026-07-04T17:01:23.056010,2026-07-04T17:01:23.067623+00:00,139.2,50,ask,EarnestEspressos,FlawlessFlatbreads,7258713
2026-07-04T17:01:24.971715,2026-07-04T17:01:24.980896+00:00,139.2,12,ask,EarnestEspressos,Xuanyu Liu,7258739
2026-07-04T17:01:25.066362,2026-07-04T17:01:25.075169+00:00,139.2,42,ask,EarnestEspressos,CostlyCorianders,7258746
2026-07-04T17:01:25.110514,2026-07-04T17:01:25.121907+00:00,139.3,50,bid,FlawlessFlatbreads,DiligentDonuts,7258748
2026-07-04T17:01:27.215398,2026-07-04T17:01:27.226978+00:00,139.2,50,bid,FlawlessFlatbreads,EarnestEspressos,7258784
2026-07-04T17:01:29.322204,2026-07-04T17:01:29.333855+00:00,139.2,50,bid,FlawlessFlatbreads,DiligentDonuts,7258824
2026-07-04T17:01:31.371154,2026-07-04T17:01:31.382836+00:00,138.8,45,ask,EarnestEspressos,CostlyCorianders,7258852
2026-07-04T17:01:31.428219,2026-07-04T17:01:31.439897+00:00,139.2,50,bid,FlawlessFlatbreads,DiligentDonuts,7258853
2026-07-04T17:01:33.535623,2026-07-04T17:01:33.543320+00:00,139.0,50,bid,FlawlessFlatbreads,EarnestEspressos,7258893
2026-07-04T17:01:34.318168,2026-07-04T17:01:34.324628+00:00,138.8,46,ask,DiligentDonuts,CostlyCorianders,7258905
2026-07-04T17:01:35.642560,2026-07-04T17:01:35.654079+00:00,139.0,50,bid,FlawlessFlatbreads,EarnestEspressos,7258926
2026-07-04T17:01:37.602099,2026-07-04T17:01:37.609699+00:00,139.0,41,bid,CostlyCorianders,EarnestEspressos,7258958
2026-07-04T17:01:37.749177,2026-07-04T17:01:37.758602+00:00,139.0,50,bid,FlawlessFlatbreads,EarnestEspressos,7258963
2026-07-04T17:01:38.490309,2026-07-04T17:01:38.498148+00:00,139.1,14,ask,EarnestEspressos,Xuanyu Liu,7258973
2026-07-04T17:01:39.844791,2026-07-04T17:01:39.851232+00:00,139.1,100,ask,EarnestEspressos,DiligentDonuts,7259010
2026-07-04T17:01:39.905384,2026-07-04T17:01:39.914525+00:00,139.1,36,ask,EarnestEspressos,FlawlessFlatbreads,7259011
2026-07-04T17:01:39.905384,2026-07-04T17:01:39.914525+00:00,138.6,14,ask,DiligentDonuts,FlawlessFlatbreads,7259012
2026-07-04T17:01:42.108572,2026-07-04T17:01:42.120123+00:00,139.0,43,bid,CostlyCorianders,EarnestEspressos,7259030
2026-07-04T17:01:42.644869,2026-07-04T17:01:42.656280+00:00,138.6,49,ask,DiligentDonuts,CostlyCorianders,7259042
2026-07-04T17:01:43.191115,2026-07-04T17:01:43.201340+00:00,139.0,44,bid,CostlyCorianders,EarnestEspressos,7259048
2026-07-04T17:01:43.244953,2026-07-04T17:01:43.252660+00:00,138.8,42,ask,DiligentDonuts,CostlyCorianders,7259049
2026-07-04T17:01:44.118362,2026-07-04T17:01:44.125875+00:00,138.8,50,ask,DiligentDonuts,FlawlessFlatbreads,7259062
2026-07-04T17:01:44.792315,2026-07-04T17:01:44.803912+00:00,138.8,8,ask,DiligentDonuts,CostlyCorianders,7259071
2026-07-04T17:01:46.170277,2026-07-04T17:01:46.179752+00:00,138.8,100,ask,EarnestEspressos,DiligentDonuts,7259093
2026-07-04T17:01:46.173964,2026-07-04T17:01:46.185309+00:00,139.3,50,bid,FlawlessFlatbreads,EarnestEspressos,7259094
2026-07-04T17:01:47.033446,2026-07-04T17:01:47.045612+00:00,138.8,45,ask,EarnestEspressos,CostlyCorianders,7259109
2026-07-04T17:01:48.280873,2026-07-04T17:01:48.292478+00:00,138.7,50,bid,FlawlessFlatbreads,EarnestEspressos,7259126
2026-07-04T17:01:50.402736,2026-07-04T17:01:50.420014+00:00,138.7,50,bid,FlawlessFlatbreads,EarnestEspressos,7259153
2026-07-04T17:01:52.509201,2026-07-04T17:01:52.520825+00:00,138.9,50,bid,FlawlessFlatbreads,EarnestEspressos,7259188
2026-07-04T17:01:54.539168,2026-07-04T17:01:54.550940+00:00,138.9,49,bid,CostlyCorianders,DiligentDonuts,7259219
2026-07-04T17:01:54.626072,2026-07-04T17:01:54.635165+00:00,138.9,50,bid,FlawlessFlatbreads,DiligentDonuts,7259221
2026-07-04T17:01:55.118576,2026-07-04T17:01:55.129497+00:00,138.9,1,bid,CostlyCorianders,DiligentDonuts,7259229
2026-07-04T17:01:58.890148,2026-07-04T17:01:58.899392+00:00,139.0,50,ask,DiligentDonuts,FlawlessFlatbreads,7259293
2026-07-04T17:01:59.610578,2026-07-04T17:01:59.618583+00:00,139.0,3,ask,DiligentDonuts,Xuanyu Liu,7259310
2026-07-04T17:02:03.027638,2026-07-04T17:02:03.036732+00:00,139.0,3,bid,Xuanyu Liu,DiligentDonuts,7259388
2026-07-04T17:02:03.049986,2026-07-04T17:02:03.057206+00:00,139.0,50,bid,FlawlessFlatbreads,DiligentDonuts,7259390
2026-07-04T17:02:03.069937,2026-07-04T17:02:03.081630+00:00,138.9,41,ask,EarnestEspressos,CostlyCorianders,7259391
2026-07-04T17:02:03.729221,2026-07-04T17:02:03.741047+00:00,139.0,46,bid,CostlyCorianders,DiligentDonuts,7259405
2026-07-04T17:02:05.176092,2026-07-04T17:02:05.187810+00:00,139.4,50,bid,FlawlessFlatbreads,EarnestEspressos,7259433
2026-07-04T17:02:05.850147,2026-07-04T17:02:05.858565+00:00,139.4,45,bid,CostlyCorianders,EarnestEspressos,7259442
2026-07-04T17:02:06.477994,2026-07-04T17:02:06.487159+00:00,139.0,49,ask,DiligentDonuts,CostlyCorianders,7259459
2026-07-04T17:02:06.991290,2026-07-04T17:02:07.002487+00:00,139.2,14,ask,EarnestEspressos,Xuanyu Liu,7259470
2026-07-04T17:02:07.341005,2026-07-04T17:02:07.348738+00:00,139.2,50,ask,EarnestEspressos,FlawlessFlatbreads,7259479
2026-07-04T17:02:07.503378,2026-07-04T17:02:07.510668+00:00,139.2,25,ask,EarnestEspressos,Alan Tran,7259484
2026-07-04T17:02:09.448388,2026-07-04T17:02:09.450150+00:00,139.2,50,ask,EarnestEspressos,FlawlessFlatbreads,7259511
2026-07-04T17:02:10.494360,2026-07-04T17:02:10.501939+00:00,139.3,11,bid,Xuanyu Liu,DiligentDonuts,7259532
2026-07-04T17:02:11.587073,2026-07-04T17:02:11.595272+00:00,139.1,50,ask,DiligentDonuts,FlawlessFlatbreads,7259562
2026-07-04T17:02:13.334413,2026-07-04T17:02:13.346604+00:00,139.6,42,bid,CostlyCorianders,DiligentDonuts,7259595
2026-07-04T17:02:13.539022,2026-07-04T17:02:13.547924+00:00,139.3,3,bid,Xuanyu Liu,EarnestEspressos,7259606
2026-07-04T17:02:14.590000,2026-07-04T17:02:14.601919+00:00,139.3,100,bid,DiligentDonuts,EarnestEspressos,7259634
2026-07-04T17:02:14.767621,2026-07-04T17:02:14.774702+00:00,139.3,43,bid,CostlyCorianders,EarnestEspressos,7259638
2026-07-04T17:02:14.822675,2026-07-04T17:02:14.834090+00:00,138.8,41,ask,EarnestEspressos,CostlyCorianders,7259639
2026-07-04T17:02:15.834511,2026-07-04T17:02:15.845582+00:00,139.3,4,bid,CostlyCorianders,EarnestEspressos,7259655
2026-07-04T17:02:16.002480,2026-07-04T17:02:16.010810+00:00,138.8,22,ask,EarnestEspressos,Zihao Wu,7259658
2026-07-04T17:02:17.537533,2026-07-04T17:02:17.549068+00:00,139.5,41,ask,EarnestEspressos,CostlyCorianders,7259689
2026-07-04T17:02:17.903660,2026-07-04T17:02:17.915445+00:00,139.5,50,ask,EarnestEspressos,FlawlessFlatbreads,7259701
2026-07-04T17:02:19.528082,2026-07-04T17:02:19.536426+00:00,139.5,44,ask,EarnestEspressos,CostlyCorianders,7259723
2026-07-04T17:02:19.959178,2026-07-04T17:02:19.970666+00:00,139.3,50,bid,FlawlessFlatbreads,EarnestEspressos,7259735
2026-07-04T17:02:20.074851,2026-07-04T17:02:20.095788+00:00,139.3,3,bid,Xuanyu Liu,EarnestEspressos,7259741
2026-07-04T17:02:20.101580,2026-07-04T17:02:20.111963+00:00,139.3,11,bid,Xuanyu Liu,EarnestEspressos,7259746
2026-07-04T17:02:20.156086,2026-07-04T17:02:20.164262+00:00,139.3,43,bid,CostlyCorianders,EarnestEspressos,7259748
2026-07-04T17:02:20.912689,2026-07-04T17:02:20.924170+00:00,139.3,43,bid,DiligentDonuts,EarnestEspressos,7259763
2026-07-04T17:02:21.208215,2026-07-04T17:02:21.219839+00:00,139.4,43,ask,DiligentDonuts,CostlyCorianders,7259772
2026-07-04T17:02:22.065871,2026-07-04T17:02:22.077775+00:00,139.9,50,bid,FlawlessFlatbreads,DiligentDonuts,7259785
2026-07-04T17:02:22.799259,2026-07-04T17:02:22.811058+00:00,139.9,40,bid,CostlyCorianders,DiligentDonuts,7259794
2026-07-04T17:02:22.822226,2026-07-04T17:02:22.830922+00:00,139.7,14,ask,EarnestEspressos,Xuanyu Liu,7259795
2026-07-04T17:02:23.843493,2026-07-04T17:02:23.855257+00:00,139.9,10,bid,CostlyCorianders,DiligentDonuts,7259822
2026-07-04T17:02:24.172690,2026-07-04T17:02:24.182789+00:00,139.9,50,bid,FlawlessFlatbreads,DiligentDonuts,7259830
2026-07-04T17:02:24.409001,2026-07-04T17:02:24.420797+00:00,139.7,40,ask,EarnestEspressos,CostlyCorianders,7259838
2026-07-04T17:02:25.522685,2026-07-04T17:02:25.534627+00:00,139.9,46,bid,CostlyCorianders,DiligentDonuts,7259852
2026-07-04T17:02:28.434739,2026-07-04T17:02:28.446355+00:00,139.4,50,ask,EarnestEspressos,FlawlessFlatbreads,7259899
2026-07-04T17:02:30.534514,2026-07-04T17:02:30.546017+00:00,139.8,46,bid,CostlyCorianders,EarnestEspressos,7259943
2026-07-04T17:02:30.543604,2026-07-04T17:02:30.551219+00:00,139.6,50,ask,DiligentDonuts,FlawlessFlatbreads,7259944
2026-07-04T17:02:31.099557,2026-07-04T17:02:31.111432+00:00,139.6,44,ask,DiligentDonuts,CostlyCorianders,7259956
2026-07-04T17:02:32.602292,2026-07-04T17:02:32.614078+00:00,139.7,50,bid,FlawlessFlatbreads,EarnestEspressos,7259971
2026-07-04T17:02:34.712494,2026-07-04T17:02:34.723949+00:00,139.7,50,bid,FlawlessFlatbreads,EarnestEspressos,7260007
2026-07-04T17:02:35.470404,2026-07-04T17:02:35.482361+00:00,139.7,100,bid,EarnestEspressos,DiligentDonuts,7260022
2026-07-04T17:02:35.818880,2026-07-04T17:02:35.827020+00:00,139.7,3,ask,EarnestEspressos,Xuanyu Liu,7260025
2026-07-04T17:02:36.087311,2026-07-04T17:02:36.098882+00:00,140.2,22,bid,Zihao Wu,EarnestEspressos,7260030
2026-07-04T17:02:36.820413,2026-07-04T17:02:36.829506+00:00,140.0,50,bid,FlawlessFlatbreads,DiligentDonuts,7260045
2026-07-04T17:02:37.492440,2026-07-04T17:02:37.499528+00:00,139.7,47,ask,EarnestEspressos,CostlyCorianders,7260062
2026-07-04T17:02:37.492440,2026-07-04T17:02:37.504766+00:00,139.5,1,ask,DiligentDonuts,CostlyCorianders,7260063
2026-07-04T17:02:38.927963,2026-07-04T17:02:38.940007+00:00,139.7,50,bid,FlawlessFlatbreads,EarnestEspressos,7260092
2026-07-04T17:02:39.891850,2026-07-04T17:02:39.899154+00:00,139.7,100,bid,DiligentDonuts,EarnestEspressos,7260108
2026-07-04T17:02:42.545019,2026-07-04T17:02:42.556696+00:00,139.9,25,ask,EarnestEspressos,Alan Tran,7260158
2026-07-04T17:02:42.713126,2026-07-04T17:02:42.724958+00:00,140.3,40,bid,CostlyCorianders,DiligentDonuts,7260160
2026-07-04T17:02:43.197523,2026-07-04T17:02:43.209089+00:00,139.9,50,ask,EarnestEspressos,FlawlessFlatbreads,7260167
2026-07-04T17:02:45.305835,2026-07-04T17:02:45.316942+00:00,139.7,50,ask,DiligentDonuts,FlawlessFlatbreads,7260194
2026-07-04T17:02:47.413399,2026-07-04T17:02:47.425214+00:00,139.7,50,ask,EarnestEspressos,FlawlessFlatbreads,7260219
2026-07-04T17:02:47.949289,2026-07-04T17:02:47.960732+00:00,139.7,49,ask,EarnestEspressos,CostlyCorianders,7260223
2026-07-04T17:02:49.520061,2026-07-04T17:02:49.527741+00:00,139.7,50,ask,DiligentDonuts,FlawlessFlatbreads,7260258
2026-07-04T17:02:51.202031,2026-07-04T17:02:51.213601+00:00,139.9,40,bid,CostlyCorianders,EarnestEspressos,7260280
2026-07-04T17:02:51.578676,2026-07-04T17:02:51.585624+00:00,140.0,50,bid,FlawlessFlatbreads,EarnestEspressos,7260290
2026-07-04T17:02:52.164650,2026-07-04T17:02:52.174296+00:00,140.0,43,bid,CostlyCorianders,EarnestEspressos,7260298
2026-07-04T17:02:53.685698,2026-07-04T17:02:53.697332+00:00,140.0,50,bid,FlawlessFlatbreads,EarnestEspressos,7260323
2026-07-04T17:02:54.452729,2026-07-04T17:02:54.464244+00:00,140.0,100,bid,EarnestEspressos,DiligentDonuts,7260341
2026-07-04T17:02:55.259483,2026-07-04T17:02:55.269326+00:00,140.1,23,ask,EarnestEspressos,Xuanyu Liu,7260351
2026-07-04T17:02:55.785401,2026-07-04T17:02:55.796186+00:00,140.1,27,ask,EarnestEspressos,DiligentDonuts,7260359
2026-07-04T17:02:55.866188,2026-07-04T17:02:55.877791+00:00,139.6,50,ask,DiligentDonuts,FlawlessFlatbreads,7260363
2026-07-04T17:02:57.681630,2026-07-04T17:02:57.690499+00:00,139.9,12,bid,Xuanyu Liu,EarnestEspressos,7260378
2026-07-04T17:03:00.082687,2026-07-04T17:03:00.089234+00:00,139.7,50,ask,DiligentDonuts,FlawlessFlatbreads,7260416
2026-07-04T17:03:01.299123,2026-07-04T17:03:01.318172+00:00,139.7,43,ask,DiligentDonuts,CostlyCorianders,7260436
2026-07-04T17:03:02.119618,2026-07-04T17:03:02.128287+00:00,139.8,14,bid,Xuanyu Liu,DiligentDonuts,7260453
2026-07-04T17:03:04.189723,2026-07-04T17:03:04.200220+00:00,139.5,46,ask,EarnestEspressos,CostlyCorianders,7260489
2026-07-04T17:03:06.408591,2026-07-04T17:03:06.415303+00:00,139.5,50,ask,EarnestEspressos,FlawlessFlatbreads,7260531
2026-07-04T17:03:07.513636,2026-07-04T17:03:07.525590+00:00,139.6,48,bid,CostlyCorianders,EarnestEspressos,7260542
2026-07-04T17:03:07.585015,2026-07-04T17:03:07.592030+00:00,139.6,25,bid,Alan Tran,EarnestEspressos,7260545
2026-07-04T17:03:08.151272,2026-07-04T17:03:08.158579+00:00,139.6,44,bid,CostlyCorianders,EarnestEspressos,7260562
2026-07-04T17:03:08.525096,2026-07-04T17:03:08.537671+00:00,139.4,50,ask,DiligentDonuts,FlawlessFlatbreads,7260566
2026-07-04T17:03:10.631241,2026-07-04T17:03:10.643282+00:00,139.4,50,ask,DiligentDonuts,FlawlessFlatbreads,7260593
2026-07-04T17:03:11.596465,2026-07-04T17:03:11.606182+00:00,139.4,100,ask,EarnestEspressos,DiligentDonuts,7260609
2026-07-04T17:03:12.743650,2026-07-04T17:03:12.752021+00:00,139.4,50,ask,EarnestEspressos,FlawlessFlatbreads,7260623
2026-07-04T17:03:13.497190,2026-07-04T17:03:13.505776+00:00,139.2,3,bid,Xuanyu Liu,EarnestEspressos,7260648
2026-07-04T17:03:14.849789,2026-07-04T17:03:14.858545+00:00,139.1,50,ask,DiligentDonuts,FlawlessFlatbreads,7260667
2026-07-04T17:03:16.749064,2026-07-04T17:03:16.759968+00:00,139.1,46,ask,DiligentDonuts,CostlyCorianders,7260688
2026-07-04T17:03:16.962420,2026-07-04T17:03:16.975029+00:00,139.1,4,ask,DiligentDonuts,FlawlessFlatbreads,7260696
2026-07-04T17:03:16.962420,2026-07-04T17:03:16.975029+00:00,138.8,46,ask,EarnestEspressos,FlawlessFlatbreads,7260697
2026-07-04T17:03:17.610392,2026-07-04T17:03:17.620452+00:00,139.3,25,bid,Alan Tran,EarnestEspressos,7260705
2026-07-04T17:03:17.802397,2026-07-04T17:03:17.812392+00:00,139.3,41,bid,CostlyCorianders,EarnestEspressos,7260708
2026-07-04T17:03:18.795410,2026-07-04T17:03:18.802820+00:00,139.2,11,bid,Xuanyu Liu,DiligentDonuts,7260716
2026-07-04T17:03:18.813031,2026-07-04T17:03:18.824373+00:00,139.2,49,bid,CostlyCorianders,DiligentDonuts,7260718
2026-07-04T17:03:19.021952,2026-07-04T17:03:19.029294+00:00,139.2,40,bid,FlawlessFlatbreads,DiligentDonuts,7260724
2026-07-04T17:03:19.021952,2026-07-04T17:03:19.034532+00:00,139.3,10,bid,FlawlessFlatbreads,EarnestEspressos,7260725
2026-07-04T17:03:19.410399,2026-07-04T17:03:19.421513+00:00,139.3,12,bid,Xuanyu Liu,EarnestEspressos,7260733
2026-07-04T17:03:21.037684,2026-07-04T17:03:21.048795+00:00,139.5,12,ask,DiligentDonuts,Xuanyu Liu,7260753
2026-07-04T17:03:21.129304,2026-07-04T17:03:21.137202+00:00,139.7,50,bid,FlawlessFlatbreads,EarnestEspressos,7260757
2026-07-04T17:03:21.631527,2026-07-04T17:03:21.642994+00:00,139.5,48,ask,DiligentDonuts,CostlyCorianders,7260765
2026-07-04T17:03:23.491987,2026-07-04T17:03:23.503824+00:00,139.9,42,bid,CostlyCorianders,EarnestEspressos,7260789
2026-07-04T17:03:24.617071,2026-07-04T17:03:24.627282+00:00,139.6,46,ask,DiligentDonuts,CostlyCorianders,7260813
2026-07-04T17:03:25.392743,2026-07-04T17:03:25.402075+00:00,139.6,50,ask,DiligentDonuts,FlawlessFlatbreads,7260821
2026-07-04T17:03:27.109560,2026-07-04T17:03:27.117977+00:00,139.8,45,ask,EarnestEspressos,CostlyCorianders,7260856
2026-07-04T17:03:27.415134,2026-07-04T17:03:27.424039+00:00,139.8,100,ask,EarnestEspressos,DiligentDonuts,7260868
2026-07-04T17:03:27.504327,2026-07-04T17:03:27.512894+00:00,139.8,5,ask,EarnestEspressos,FlawlessFlatbreads,7260869
2026-07-04T17:03:27.626849,2026-07-04T17:03:27.638480+00:00,140.3,48,bid,CostlyCorianders,EarnestEspressos,7260871
2026-07-04T17:03:29.562770,2026-07-04T17:03:29.573838+00:00,140.1,50,bid,FlawlessFlatbreads,EarnestEspressos,7260899
2026-07-04T17:03:29.632234,2026-07-04T17:03:29.643761+00:00,140.1,41,bid,CostlyCorianders,EarnestEspressos,7260900
2026-07-04T17:03:31.669385,2026-07-04T17:03:31.679082+00:00,140.1,50,bid,FlawlessFlatbreads,EarnestEspressos,7260929
2026-07-04T17:03:32.241852,2026-07-04T17:03:32.256218+00:00,139.7,11,ask,DiligentDonuts,Xuanyu Liu,7260937
2026-07-04T17:03:32.439137,2026-07-04T17:03:32.448747+00:00,139.8,3,ask,EarnestEspressos,Xuanyu Liu,7260944
2026-07-04T17:03:33.777415,2026-07-04T17:03:33.788818+00:00,139.9,50,bid,FlawlessFlatbreads,DiligentDonuts,7260971
2026-07-04T17:03:34.335263,2026-07-04T17:03:34.346996+00:00,139.8,42,ask,EarnestEspressos,CostlyCorianders,7260980
2026-07-04T17:03:35.420203,2026-07-04T17:03:35.431660+00:00,139.9,44,bid,CostlyCorianders,DiligentDonuts,7261006
2026-07-04T17:03:35.883181,2026-07-04T17:03:35.893412+00:00,139.9,6,bid,FlawlessFlatbreads,DiligentDonuts,7261014
2026-07-04T17:03:35.883181,2026-07-04T17:03:35.893412+00:00,140.2,44,bid,FlawlessFlatbreads,EarnestEspressos,7261015
2026-07-04T17:03:38.041897,2026-07-04T17:03:38.053264+00:00,139.8,50,ask,DiligentDonuts,FlawlessFlatbreads,7261043
2026-07-04T17:03:40.148798,2026-07-04T17:03:40.158538+00:00,139.9,50,ask,EarnestEspressos,FlawlessFlatbreads,7261067
2026-07-04T17:03:42.257915,2026-07-04T17:03:42.269718+00:00,139.9,50,ask,EarnestEspressos,FlawlessFlatbreads,7261096
2026-07-04T17:03:44.366574,2026-07-04T17:03:44.378040+00:00,139.9,50,ask,EarnestEspressos,FlawlessFlatbreads,7261134
2026-07-04T17:03:46.340494,2026-07-04T17:03:46.352256+00:00,140.0,100,bid,DiligentDonuts,EarnestEspressos,7261166
2026-07-04T17:03:46.474083,2026-07-04T17:03:46.481369+00:00,139.5,50,ask,EarnestEspressos,FlawlessFlatbreads,7261168
2026-07-04T17:03:46.518829,2026-07-04T17:03:46.530474+00:00,139.5,47,ask,EarnestEspressos,CostlyCorianders,7261169
2026-07-04T17:03:48.289721,2026-07-04T17:03:48.297792+00:00,140.6,22,bid,Zihao Wu,DiligentDonuts,7261198
2026-07-04T17:03:48.579199,2026-07-04T17:03:48.590774+00:00,139.5,50,ask,EarnestEspressos,FlawlessFlatbreads,7261205
2026-07-04T17:03:49.716255,2026-07-04T17:03:49.727660+00:00,139.5,46,ask,EarnestEspressos,CostlyCorianders,7261222
2026-07-04T17:03:50.272526,2026-07-04T17:03:50.280189+00:00,139.9,44,bid,CostlyCorianders,DiligentDonuts,7261226
2026-07-04T17:03:50.596649,2026-07-04T17:03:50.604821+00:00,139.9,3,bid,Xuanyu Liu,DiligentDonuts,7261236
2026-07-04T17:03:50.688089,2026-07-04T17:03:50.699982+00:00,139.5,50,ask,EarnestEspressos,FlawlessFlatbreads,7261238
2026-07-04T17:03:51.496865,2026-07-04T17:03:51.509991+00:00,139.5,46,bid,Xuanyu Liu,EarnestEspressos,7261245
2026-07-04T17:03:51.904025,2026-07-04T17:03:51.912365+00:00,139.5,11,bid,Xuanyu Liu,EarnestEspressos,7261260
2026-07-04T17:03:52.323447,2026-07-04T17:03:52.334910+00:00,139.5,46,bid,CostlyCorianders,EarnestEspressos,7261267
2026-07-04T17:03:52.661031,2026-07-04T17:03:52.663594+00:00,139.5,47,bid,DiligentDonuts,EarnestEspressos,7261273
2026-07-04T17:03:52.727463,2026-07-04T17:03:52.736359+00:00,139.9,23,ask,DiligentDonuts,Xuanyu Liu,7261276
2026-07-04T17:03:52.796666,2026-07-04T17:03:52.804581+00:00,139.9,30,ask,DiligentDonuts,FlawlessFlatbreads,7261280
2026-07-04T17:03:52.796666,2026-07-04T17:03:52.809596+00:00,139.0,20,ask,EarnestEspressos,FlawlessFlatbreads,7261281
2026-07-04T17:03:54.905492,2026-07-04T17:03:54.912701+00:00,139.3,50,ask,EarnestEspressos,FlawlessFlatbreads,7261312
2026-07-04T17:03:56.574538,2026-07-04T17:03:56.583713+00:00,139.5,44,ask,DiligentDonuts,CostlyCorianders,7261337
2026-07-04T17:03:57.028055,2026-07-04T17:03:57.037351+00:00,139.5,50,ask,DiligentDonuts,FlawlessFlatbreads,7261345
2026-07-04T17:03:58.235573,2026-07-04T17:03:58.244116+00:00,139.5,6,ask,DiligentDonuts,CostlyCorianders,7261365
2026-07-04T17:03:58.889233,2026-07-04T17:03:58.900468+00:00,139.7,46,bid,CostlyCorianders,EarnestEspressos,7261388
2026-07-04T17:03:59.136454,2026-07-04T17:03:59.143700+00:00,139.2,50,ask,EarnestEspressos,FlawlessFlatbreads,7261393
2026-07-04T17:04:00.094084,2026-07-04T17:04:00.105618+00:00,139.2,45,ask,EarnestEspressos,CostlyCorianders,7261406
2026-07-04T17:04:01.242146,2026-07-04T17:04:01.253627+00:00,138.8,50,ask,DiligentDonuts,FlawlessFlatbreads,7261431
2026-07-04T17:04:02.212314,2026-07-04T17:04:02.220265+00:00,139.2,12,bid,Xuanyu Liu,DiligentDonuts,7261446
2026-07-04T17:04:02.638911,2026-07-04T17:04:02.650723+00:00,139.2,48,bid,CostlyCorianders,DiligentDonuts,7261459
2026-07-04T17:04:03.349777,2026-07-04T17:04:03.358547+00:00,138.8,50,ask,EarnestEspressos,FlawlessFlatbreads,7261468
2026-07-04T17:04:03.719556,2026-07-04T17:04:03.729038+00:00,139.2,40,bid,CostlyCorianders,DiligentDonuts,7261477
2026-07-04T17:04:03.719556,2026-07-04T17:04:03.729038+00:00,139.3,8,bid,CostlyCorianders,EarnestEspressos,7261478
2026-07-04T17:04:04.124717,2026-07-04T17:04:04.133684+00:00,139.1,11,bid,Xuanyu Liu,EarnestEspressos,7261485
2026-07-04T17:04:05.471081,2026-07-04T17:04:05.479766+00:00,138.7,50,ask,DiligentDonuts,FlawlessFlatbreads,7261511
2026-07-04T17:04:06.273360,2026-07-04T17:04:06.285063+00:00,138.7,42,ask,DiligentDonuts,CostlyCorianders,7261526
2026-07-04T17:04:07.579476,2026-07-04T17:04:07.587877+00:00,138.7,8,ask,DiligentDonuts,FlawlessFlatbreads,7261542
2026-07-04T17:04:07.579476,2026-07-04T17:04:07.587877+00:00,138.7,42,ask,EarnestEspressos,FlawlessFlatbreads,7261543
2026-07-04T17:04:08.292192,2026-07-04T17:04:08.299086+00:00,138.7,22,ask,EarnestEspressos,Zihao Wu,7261559
2026-07-04T17:04:09.292214,2026-07-04T17:04:09.300131+00:00,138.7,45,ask,EarnestEspressos,CostlyCorianders,7261579
2026-07-04T17:04:10.438864,2026-07-04T17:04:10.448139+00:00,138.7,100,ask,DiligentDonuts,EarnestEspressos,7261597
2026-07-04T17:04:10.449393,2026-07-04T17:04:10.461368+00:00,138.6,34,bid,Xuanyu Liu,EarnestEspressos,7261598
2026-07-04T17:04:11.533474,2026-07-04T17:04:11.541783+00:00,138.6,6,bid,Xuanyu Liu,EarnestEspressos,7261624
2026-07-04T17:04:13.111215,2026-07-04T17:04:13.120318+00:00,138.6,10,bid,CostlyCorianders,EarnestEspressos,7261661
2026-07-04T17:04:13.111215,2026-07-04T17:04:13.120318+00:00,138.8,39,bid,CostlyCorianders,DiligentDonuts,7261662
2026-07-04T17:04:13.550040,2026-07-04T17:04:13.561759+00:00,138.8,61,bid,EarnestEspressos,DiligentDonuts,7261671
2026-07-04T17:04:13.927569,2026-07-04T17:04:13.937059+00:00,138.8,50,ask,EarnestEspressos,FlawlessFlatbreads,7261675
2026-07-04T17:04:13.959502,2026-07-04T17:04:13.967312+00:00,138.8,6,ask,EarnestEspressos,Xuanyu Liu,7261678
2026-07-04T17:04:15.260319,2026-07-04T17:04:15.272135+00:00,139.3,47,bid,CostlyCorianders,EarnestEspressos,7261719
2026-07-04T17:04:15.881437,2026-07-04T17:04:15.893416+00:00,138.8,33,ask,EarnestEspressos,CostlyCorianders,7261734
2026-07-04T17:04:15.881437,2026-07-04T17:04:15.893416+00:00,138.8,7,ask,DiligentDonuts,CostlyCorianders,7261735
2026-07-04T17:04:15.982831,2026-07-04T17:04:15.994309+00:00,139.3,50,bid,FlawlessFlatbreads,EarnestEspressos,7261737
2026-07-04T17:04:16.425891,2026-07-04T17:04:16.435073+00:00,138.8,43,ask,DiligentDonuts,CostlyCorianders,7261747
2026-07-04T17:04:20.217786,2026-07-04T17:04:20.229555+00:00,139.0,50,bid,FlawlessFlatbreads,DiligentDonuts,7261823
2026-07-04T17:04:22.075891,2026-07-04T17:04:22.084346+00:00,138.7,23,ask,EarnestEspressos,Xuanyu Liu,7261849
2026-07-04T17:04:22.325406,2026-07-04T17:04:22.333176+00:00,139.1,50,bid,FlawlessFlatbreads,DiligentDonuts,7261854
2026-07-04T17:04:22.363912,2026-07-04T17:04:22.379570+00:00,139.1,46,bid,CostlyCorianders,DiligentDonuts,7261857
2026-07-04T17:04:23.088615,2026-07-04T17:04:23.099486+00:00,138.6,100,ask,DiligentDonuts,EarnestEspressos,7261864
2026-07-04T17:04:23.380368,2026-07-04T17:04:23.389477+00:00,138.6,12,bid,Xuanyu Liu,EarnestEspressos,7261867
2026-07-04T17:04:24.433214,2026-07-04T17:04:24.445070+00:00,138.6,38,bid,FlawlessFlatbreads,EarnestEspressos,7261885
2026-07-04T17:04:24.433214,2026-07-04T17:04:24.445070+00:00,138.9,12,bid,FlawlessFlatbreads,DiligentDonuts,7261886
2026-07-04T17:04:25.899144,2026-07-04T17:04:25.911034+00:00,138.9,48,bid,CostlyCorianders,DiligentDonuts,7261904
2026-07-04T17:04:26.207509,2026-07-04T17:04:26.215941+00:00,138.8,12,ask,EarnestEspressos,Xuanyu Liu,7261916
2026-07-04T17:04:26.541182,2026-07-04T17:04:26.549217+00:00,138.9,40,bid,FlawlessFlatbreads,DiligentDonuts,7261933
2026-07-04T17:04:28.656811,2026-07-04T17:04:28.668345+00:00,139.2,50,bid,FlawlessFlatbreads,DiligentDonuts,7261967
2026-07-04T17:04:29.121363,2026-07-04T17:04:29.133092+00:00,138.8,43,ask,EarnestEspressos,CostlyCorianders,7261971
2026-07-04T17:04:30.830153,2026-07-04T17:04:30.845876+00:00,138.9,50,ask,DiligentDonuts,FlawlessFlatbreads,7261999
2026-07-04T17:04:31.853848,2026-07-04T17:04:31.866206+00:00,138.9,41,ask,DiligentDonuts,CostlyCorianders,7262015
2026-07-04T17:04:32.096346,2026-07-04T17:04:32.105254+00:00,138.9,9,ask,DiligentDonuts,Xuanyu Liu,7262018
2026-07-04T17:04:32.937406,2026-07-04T17:04:32.946119+00:00,138.6,50,ask,EarnestEspressos,FlawlessFlatbreads,7262039
2026-07-04T17:04:33.395981,2026-07-04T17:04:33.404093+00:00,139.1,45,bid,CostlyCorianders,EarnestEspressos,7262045
2026-07-04T17:04:35.045515,2026-07-04T17:04:35.058592+00:00,138.6,50,ask,EarnestEspressos,FlawlessFlatbreads,7262067
2026-07-04T17:04:36.182288,2026-07-04T17:04:36.191891+00:00,138.6,49,ask,DiligentDonuts,CostlyCorianders,7262093
2026-07-04T17:04:36.643982,2026-07-04T17:04:36.655730+00:00,138.9,47,bid,CostlyCorianders,EarnestEspressos,7262100
2026-07-04T17:04:37.103142,2026-07-04T17:04:37.114870+00:00,138.8,50,bid,FlawlessFlatbreads,DiligentDonuts,7262107
2026-07-04T17:04:39.211224,2026-07-04T17:04:39.222979+00:00,138.8,50,bid,FlawlessFlatbreads,DiligentDonuts,7262137
2026-07-04T17:04:44.534976,2026-07-04T17:04:44.546966+00:00,138.8,44,ask,DiligentDonuts,CostlyCorianders,7262209
2026-07-04T17:04:45.524472,2026-07-04T17:04:45.536381+00:00,139.2,50,bid,FlawlessFlatbreads,EarnestEspressos,7262220
2026-07-04T17:04:46.530859,2026-07-04T17:04:46.542587+00:00,139.1,43,bid,CostlyCorianders,DiligentDonuts,7262235
2026-07-04T17:04:47.061175,2026-07-04T17:04:47.069450+00:00,138.7,42,ask,EarnestEspressos,CostlyCorianders,7262243
2026-07-04T17:04:47.631839,2026-07-04T17:04:47.638576+00:00,139.1,50,bid,FlawlessFlatbreads,DiligentDonuts,7262259
2026-07-04T17:04:49.592588,2026-07-04T17:04:49.605534+00:00,139.1,48,bid,CostlyCorianders,EarnestEspressos,7262297
2026-07-04T17:04:49.738391,2026-07-04T17:04:49.750161+00:00,139.1,50,bid,FlawlessFlatbreads,EarnestEspressos,7262302
2026-07-04T17:04:50.710606,2026-07-04T17:04:50.712512+00:00,138.8,45,ask,DiligentDonuts,CostlyCorianders,7262309
2026-07-04T17:04:51.298989,2026-07-04T17:04:51.309804+00:00,139.1,40,bid,CostlyCorianders,EarnestEspressos,7262323
2026-07-04T17:04:51.498769,2026-07-04T17:04:51.508665+00:00,139.2,25,ask,EarnestEspressos,Xuanyu Liu,7262328
2026-07-04T17:04:52.821119,2026-07-04T17:04:52.824472+00:00,139.2,100,ask,EarnestEspressos,DiligentDonuts,7262357
2026-07-04T17:04:54.001814,2026-07-04T17:04:54.013393+00:00,139.2,25,ask,EarnestEspressos,FlawlessFlatbreads,7262371
2026-07-04T17:04:55.931094,2026-07-04T17:04:55.940105+00:00,139.3,100,bid,DiligentDonuts,EarnestEspressos,7262397
2026-07-04T17:04:56.058541,2026-07-04T17:04:56.070044+00:00,139.3,50,bid,FlawlessFlatbreads,EarnestEspressos,7262401
2026-07-04T17:04:57.244702,2026-07-04T17:04:57.253631+00:00,138.8,49,ask,EarnestEspressos,CostlyCorianders,7262419
2026-07-04T17:04:58.681560,2026-07-04T17:04:58.693996+00:00,139.3,11,ask,EarnestEspressos,Xuanyu Liu,7262438
2026-07-04T17:04:58.703896,2026-07-04T17:04:58.714613+00:00,139.3,48,ask,EarnestEspressos,CostlyCorianders,7262440
2026-07-04T17:04:58.726474,2026-07-04T17:04:58.736267+00:00,139.3,12,ask,EarnestEspressos,Xuanyu Liu,7262442
2026-07-04T17:04:59.146445,2026-07-04T17:04:59.158596+00:00,139.3,79,ask,EarnestEspressos,DiligentDonuts,7262447
2026-07-04T17:04:59.914717,2026-07-04T17:04:59.924140+00:00,139.1,12,bid,Xuanyu Liu,DiligentDonuts,7262456
2026-07-04T17:05:00.270541,2026-07-04T17:05:00.282022+00:00,139.1,9,bid,FlawlessFlatbreads,DiligentDonuts,7262463
2026-07-04T17:05:01.033782,2026-07-04T17:05:01.042798+00:00,138.9,23,bid,Xuanyu Liu,EarnestEspressos,7262477
2026-07-04T17:05:02.272216,2026-07-04T17:05:02.284061+00:00,138.9,100,bid,DiligentDonuts,EarnestEspressos,7262504
2026-07-04T17:05:02.376691,2026-07-04T17:05:02.384145+00:00,138.9,27,bid,FlawlessFlatbreads,EarnestEspressos,7262508
2026-07-04T17:05:03.276479,2026-07-04T17:05:03.285279+00:00,139.6,42,bid,CostlyCorianders,DiligentDonuts,7262525
2026-07-04T17:05:04.535098,2026-07-04T17:05:04.546813+00:00,138.8,50,ask,EarnestEspressos,FlawlessFlatbreads,7262549
2026-07-04T17:05:06.660242,2026-07-04T17:05:06.671563+00:00,138.8,47,ask,EarnestEspressos,CostlyCorianders,7262587
2026-07-04T17:05:08.694659,2026-07-04T17:05:08.703564+00:00,139.1,50,bid,FlawlessFlatbreads,EarnestEspressos,7262627
2026-07-04T17:05:10.815857,2026-07-04T17:05:10.826072+00:00,139.1,50,bid,FlawlessFlatbreads,EarnestEspressos,7262673
2026-07-04T17:05:11.860020,2026-07-04T17:05:11.868314+00:00,138.9,12,ask,DiligentDonuts,Xuanyu Liu,7262686
2026-07-04T17:05:12.923069,2026-07-04T17:05:12.932000+00:00,139.1,50,bid,FlawlessFlatbreads,EarnestEspressos,7262705
2026-07-04T17:05:13.862246,2026-07-04T17:05:13.872356+00:00,139.4,46,bid,CostlyCorianders,DiligentDonuts,7262727
2026-07-04T17:05:15.022633,2026-07-04T17:05:15.050677+00:00,139.0,11,ask,EarnestEspressos,Xuanyu Liu,7262750
2026-07-04T17:05:15.041311,2026-07-04T17:05:15.050677+00:00,139.4,50,bid,FlawlessFlatbreads,DiligentDonuts,7262751
2026-07-04T17:05:15.415729,2026-07-04T17:05:15.427571+00:00,139.0,46,ask,EarnestEspressos,CostlyCorianders,7262760
2026-07-04T17:05:17.147671,2026-07-04T17:05:17.159550+00:00,139.2,50,bid,FlawlessFlatbreads,EarnestEspressos,7262780
2026-07-04T17:05:18.892726,2026-07-04T17:05:18.901498+00:00,139.2,44,bid,CostlyCorianders,EarnestEspressos,7262805
2026-07-04T17:05:19.254330,2026-07-04T17:05:19.257043+00:00,139.2,50,bid,FlawlessFlatbreads,EarnestEspressos,7262814
2026-07-04T17:05:19.965796,2026-07-04T17:05:19.977426+00:00,139.3,100,bid,EarnestEspressos,DiligentDonuts,7262826
2026-07-04T17:05:20.035978,2026-07-04T17:05:20.044033+00:00,139.3,26,ask,EarnestEspressos,Xuanyu Liu,7262831
2026-07-04T17:05:20.535981,2026-07-04T17:05:20.542586+00:00,139.3,24,ask,EarnestEspressos,CostlyCorianders,7262843
2026-07-04T17:05:20.535981,2026-07-04T17:05:20.547757+00:00,138.8,23,ask,DiligentDonuts,CostlyCorianders,7262844
2026-07-04T17:05:21.360346,2026-07-04T17:05:21.372037+00:00,139.6,50,bid,FlawlessFlatbreads,DiligentDonuts,7262856
2026-07-04T17:05:21.569223,2026-07-04T17:05:21.577663+00:00,139.6,46,bid,CostlyCorianders,DiligentDonuts,7262860
2026-07-04T17:05:23.493747,2026-07-04T17:05:23.507205+00:00,139.3,50,bid,FlawlessFlatbreads,EarnestEspressos,7262895
2026-07-04T17:05:24.456198,2026-07-04T17:05:24.467984+00:00,139.3,100,bid,DiligentDonuts,EarnestEspressos,7262907
2026-07-04T17:05:25.600562,2026-07-04T17:05:25.612156+00:00,139.8,50,bid,FlawlessFlatbreads,DiligentDonuts,7262929
2026-07-04T17:05:27.734742,2026-07-04T17:05:27.741702+00:00,139.8,50,bid,FlawlessFlatbreads,DiligentDonuts,7262963
2026-07-04T17:05:28.950423,2026-07-04T17:05:28.952945+00:00,139.4,48,ask,EarnestEspressos,CostlyCorianders,7262984
2026-07-04T17:05:29.842546,2026-07-04T17:05:29.858604+00:00,139.7,50,bid,FlawlessFlatbreads,EarnestEspressos,7263006
2026-07-04T17:05:30.003771,2026-07-04T17:05:30.015823+00:00,139.7,46,bid,CostlyCorianders,EarnestEspressos,7263007
2026-07-04T17:05:31.962007,2026-07-04T17:05:31.974504+00:00,139.7,50,bid,FlawlessFlatbreads,EarnestEspressos,7263033
2026-07-04T17:05:32.182205,2026-07-04T17:05:32.193913+00:00,139.5,45,ask,DiligentDonuts,CostlyCorianders,7263038
2026-07-04T17:05:32.627138,2026-07-04T17:05:32.635158+00:00,139.9,14,ask,EarnestEspressos,Xuanyu Liu,7263045
2026-07-04T17:05:32.699070,2026-07-04T17:05:32.710632+00:00,139.9,41,ask,EarnestEspressos,CostlyCorianders,7263048
2026-07-04T17:05:32.749757,2026-07-04T17:05:32.756105+00:00,139.9,25,ask,EarnestEspressos,Alan Tran,7263050
2026-07-04T17:05:33.242232,2026-07-04T17:05:33.258880+00:00,139.9,46,ask,EarnestEspressos,CostlyCorianders,7263066
2026-07-04T17:05:34.070208,2026-07-04T17:05:34.081221+00:00,140.0,50,bid,FlawlessFlatbreads,DiligentDonuts,7263073
2026-07-04T17:05:36.202839,2026-07-04T17:05:36.210101+00:00,139.9,50,bid,FlawlessFlatbreads,EarnestEspressos,7263106
2026-07-04T17:05:37.323582,2026-07-04T17:05:37.335225+00:00,139.9,43,bid,CostlyCorianders,EarnestEspressos,7263123
2026-07-04T17:05:37.919347,2026-07-04T17:05:37.930955+00:00,139.9,45,bid,CostlyCorianders,EarnestEspressos,7263126
2026-07-04T17:05:38.309551,2026-07-04T17:05:38.318389+00:00,139.9,12,bid,FlawlessFlatbreads,EarnestEspressos,7263137
2026-07-04T17:05:38.309551,2026-07-04T17:05:38.318389+00:00,140.1,38,bid,FlawlessFlatbreads,DiligentDonuts,7263138
2026-07-04T17:05:39.226748,2026-07-04T17:05:39.236714+00:00,139.9,12,ask,EarnestEspressos,Xuanyu Liu,7263153
2026-07-04T17:05:40.419825,2026-07-04T17:05:40.431386+00:00,140.1,50,bid,FlawlessFlatbreads,DiligentDonuts,7263173
2026-07-04T17:05:40.460282,2026-07-04T17:05:40.468942+00:00,139.9,11,ask,EarnestEspressos,Xuanyu Liu,7263175
2026-07-04T17:05:40.925622,2026-07-04T17:05:40.937099+00:00,139.9,49,ask,EarnestEspressos,CostlyCorianders,7263186
2026-07-04T17:05:42.526437,2026-07-04T17:05:42.538182+00:00,140.1,50,bid,FlawlessFlatbreads,DiligentDonuts,7263211
2026-07-04T17:05:42.769763,2026-07-04T17:05:42.778969+00:00,139.7,25,ask,DiligentDonuts,Alan Tran,7263216
2026-07-04T17:05:44.689265,2026-07-04T17:05:44.700933+00:00,139.9,50,ask,DiligentDonuts,FlawlessFlatbreads,7263256
2026-07-04T17:05:45.752877,2026-07-04T17:05:45.763786+00:00,140.1,44,bid,CostlyCorianders,EarnestEspressos,7263278
2026-07-04T17:05:46.796385,2026-07-04T17:05:46.808132+00:00,139.6,50,ask,EarnestEspressos,FlawlessFlatbreads,7263297
2026-07-04T17:05:47.785296,2026-07-04T17:05:47.796735+00:00,139.6,25,ask,EarnestEspressos,Alan Tran,7263315
2026-07-04T17:05:53.132407,2026-07-04T17:05:53.141800+00:00,139.6,50,ask,DiligentDonuts,FlawlessFlatbreads,7263394
2026-07-04T17:05:53.225011,2026-07-04T17:05:53.232822+00:00,139.8,11,bid,Xuanyu Liu,EarnestEspressos,7263398
2026-07-04T17:05:53.879168,2026-07-04T17:05:53.890772+00:00,139.6,43,ask,DiligentDonuts,CostlyCorianders,7263409
2026-07-04T17:05:55.240699,2026-07-04T17:05:55.252420+00:00,139.6,7,ask,DiligentDonuts,FlawlessFlatbreads,7263433
2026-07-04T17:05:55.240699,2026-07-04T17:05:55.252420+00:00,139.6,43,ask,EarnestEspressos,FlawlessFlatbreads,7263434
2026-07-04T17:05:57.299006,2026-07-04T17:05:57.309606+00:00,140.0,50,bid,FlawlessFlatbreads,DiligentDonuts,7263453
2026-07-04T17:05:57.306667,2026-07-04T17:05:57.315047+00:00,139.6,46,ask,EarnestEspressos,CostlyCorianders,7263454
2026-07-04T17:05:59.061698,2026-07-04T17:05:59.071556+00:00,139.7,23,bid,Xuanyu Liu,EarnestEspressos,7263478
2026-07-04T17:06:02.485038,2026-07-04T17:06:02.495993+00:00,139.8,44,bid,CostlyCorianders,EarnestEspressos,7263535
2026-07-04T17:06:03.611787,2026-07-04T17:06:03.622188+00:00,139.8,50,bid,FlawlessFlatbreads,EarnestEspressos,7263555
2026-07-04T17:06:04.678360,2026-07-04T17:06:04.685954+00:00,140.0,41,bid,CostlyCorianders,DiligentDonuts,7263568
2026-07-04T17:06:05.720262,2026-07-04T17:06:05.732216+00:00,140.1,50,bid,FlawlessFlatbreads,DiligentDonuts,7263580
2026-07-04T17:06:06.827065,2026-07-04T17:06:06.838685+00:00,139.7,40,ask,EarnestEspressos,CostlyCorianders,7263589
2026-07-04T17:06:07.810566,2026-07-04T17:06:07.821454+00:00,139.6,25,ask,DiligentDonuts,Alan Tran,7263610
2026-07-04T17:06:07.828086,2026-07-04T17:06:07.837330+00:00,140.0,50,bid,FlawlessFlatbreads,EarnestEspressos,7263614
2026-07-04T17:06:08.843200,2026-07-04T17:06:08.854735+00:00,139.8,46,ask,DiligentDonuts,CostlyCorianders,7263638
2026-07-04T17:06:09.538470,2026-07-04T17:06:09.546997+00:00,139.8,23,ask,DiligentDonuts,Xuanyu Liu,7263653
2026-07-04T17:06:09.986755,2026-07-04T17:06:09.998484+00:00,139.8,31,ask,DiligentDonuts,FlawlessFlatbreads,7263657
2026-07-04T17:06:09.986755,2026-07-04T17:06:09.998484+00:00,139.5,19,ask,EarnestEspressos,FlawlessFlatbreads,7263658
2026-07-04T17:06:11.345644,2026-07-04T17:06:11.352667+00:00,140.0,45,bid,CostlyCorianders,EarnestEspressos,7263687
2026-07-04T17:06:12.095866,2026-07-04T17:06:12.102362+00:00,139.5,50,ask,EarnestEspressos,FlawlessFlatbreads,7263701
2026-07-04T17:06:12.360428,2026-07-04T17:06:12.371962+00:00,139.5,49,ask,EarnestEspressos,CostlyCorianders,7263709
2026-07-04T17:06:12.906491,2026-07-04T17:06:12.918310+00:00,139.7,49,bid,CostlyCorianders,DiligentDonuts,7263713
2026-07-04T17:06:14.043027,2026-07-04T17:06:14.050334+00:00,139.7,44,bid,CostlyCorianders,DiligentDonuts,7263738
2026-07-04T17:06:14.592843,2026-07-04T17:06:14.604214+00:00,139.2,42,ask,DiligentDonuts,CostlyCorianders,7263749
2026-07-04T17:06:16.103264,2026-07-04T17:06:16.111349+00:00,139.7,12,bid,Xuanyu Liu,EarnestEspressos,7263778
2026-07-04T17:06:17.825988,2026-07-04T17:06:17.837754+00:00,139.5,25,ask,EarnestEspressos,Alan Tran,7263823
2026-07-04T17:06:18.280120,2026-07-04T17:06:18.281898+00:00,139.5,48,ask,EarnestEspressos,CostlyCorianders,7263832
2026-07-04T17:06:18.359582,2026-07-04T17:06:18.371408+00:00,139.8,50,bid,FlawlessFlatbreads,DiligentDonuts,7263834
2026-07-04T17:06:19.877632,2026-07-04T17:06:19.886743+00:00,139.8,45,bid,CostlyCorianders,DiligentDonuts,7263849
2026-07-04T17:06:20.517087,2026-07-04T17:06:20.528416+00:00,139.3,50,ask,DiligentDonuts,FlawlessFlatbreads,7263859
2026-07-04T17:06:21.422470,2026-07-04T17:06:21.434273+00:00,139.7,100,bid,DiligentDonuts,EarnestEspressos,7263881
2026-07-04T17:06:22.091824,2026-07-04T17:06:22.098760+00:00,139.7,41,bid,CostlyCorianders,EarnestEspressos,7263893
2026-07-04T17:06:23.445564,2026-07-04T17:06:23.463635+00:00,139.7,48,ask,EarnestEspressos,CostlyCorianders,7263911
2026-07-04T17:06:24.070293,2026-07-04T17:06:24.079308+00:00,139.7,42,ask,EarnestEspressos,CostlyCorianders,7263924
2026-07-04T17:06:24.730460,2026-07-04T17:06:24.741870+00:00,139.7,50,ask,EarnestEspressos,FlawlessFlatbreads,7263941
2026-07-04T17:06:25.137881,2026-07-04T17:06:25.149252+00:00,139.8,41,bid,CostlyCorianders,DiligentDonuts,7263945
2026-07-04T17:06:25.607565,2026-07-04T17:06:25.619027+00:00,139.7,4,ask,EarnestEspressos,Aaron Tian,7263961
2026-07-04T17:06:25.712214,2026-07-04T17:06:25.724158+00:00,139.8,41,bid,CostlyCorianders,DiligentDonuts,7263962
2026-07-04T17:06:26.786374,2026-07-04T17:06:26.796222+00:00,139.5,50,bid,FlawlessFlatbreads,EarnestEspressos,7263973
2026-07-04T17:06:27.121852,2026-07-04T17:06:27.132476+00:00,139.3,45,ask,DiligentDonuts,CostlyCorianders,7263984
2026-07-04T17:06:27.776500,2026-07-04T17:06:27.786570+00:00,139.5,49,bid,CostlyCorianders,EarnestEspressos,7263995
2026-07-04T17:06:28.277562,2026-07-04T17:06:28.283173+00:00,139.5,45,bid,CostlyCorianders,EarnestEspressos,7264012
2026-07-04T17:06:28.331594,2026-07-04T17:06:28.341986+00:00,139.5,6,bid,Xuanyu Liu,EarnestEspressos,7264013
2026-07-04T17:06:31.048887,2026-07-04T17:06:31.057111+00:00,139.6,50,ask,EarnestEspressos,FlawlessFlatbreads,7264048
2026-07-04T17:06:33.154516,2026-07-04T17:06:33.156813+00:00,139.6,50,ask,EarnestEspressos,FlawlessFlatbreads,7264093
2026-07-04T17:06:35.262103,2026-07-04T17:06:35.273700+00:00,139.6,50,ask,EarnestEspressos,FlawlessFlatbreads,7264127
2026-07-04T17:06:35.589191,2026-07-04T17:06:35.597351+00:00,139.6,6,ask,EarnestEspressos,Xuanyu Liu,7264130
2026-07-04T17:06:37.369656,2026-07-04T17:06:37.376710+00:00,139.5,50,ask,DiligentDonuts,FlawlessFlatbreads,7264159
2026-07-04T17:06:39.096235,2026-07-04T17:06:39.107888+00:00,139.5,50,ask,DiligentDonuts,EarnestEspressos,7264192
2026-07-04T17:06:39.327178,2026-07-04T17:06:39.337358+00:00,138.9,42,ask,EarnestEspressos,CostlyCorianders,7264195
2026-07-04T17:06:39.425113,2026-07-04T17:06:39.434319+00:00,139.4,50,bid,FlawlessFlatbreads,EarnestEspressos,7264196
2026-07-04T17:06:39.717159,2026-07-04T17:06:39.725711+00:00,139.4,11,bid,Xuanyu Liu,EarnestEspressos,7264204
2026-07-04T17:06:41.003248,2026-07-04T17:06:41.017317+00:00,139.4,3,bid,Xuanyu Liu,EarnestEspressos,7264223
2026-07-04T17:06:42.514295,2026-07-04T17:06:42.525788+00:00,139.4,44,ask,EarnestEspressos,CostlyCorianders,7264247
2026-07-04T17:06:42.864949,2026-07-04T17:06:42.876447+00:00,139.5,25,bid,Alan Tran,DiligentDonuts,7264253
2026-07-04T17:06:45.825363,2026-07-04T17:06:45.834181+00:00,139.4,50,ask,DiligentDonuts,FlawlessFlatbreads,7264298
2026-07-04T17:06:47.932274,2026-07-04T17:06:47.943859+00:00,139.2,50,ask,EarnestEspressos,FlawlessFlatbreads,7264336
2026-07-04T17:06:49.722083,2026-07-04T17:06:49.733585+00:00,139.6,47,bid,CostlyCorianders,EarnestEspressos,7264372
2026-07-04T17:06:50.039077,2026-07-04T17:06:50.046915+00:00,139.2,50,ask,DiligentDonuts,FlawlessFlatbreads,7264376
2026-07-04T17:06:52.144945,2026-07-04T17:06:52.155051+00:00,139.3,50,ask,EarnestEspressos,FlawlessFlatbreads,7264409
2026-07-04T17:06:52.147876,2026-07-04T17:06:52.155051+00:00,139.3,42,ask,EarnestEspressos,CostlyCorianders,7264410
2026-07-04T17:06:52.772588,2026-07-04T17:06:52.784346+00:00,139.7,45,bid,CostlyCorianders,DiligentDonuts,7264419
2026-07-04T17:06:54.251534,2026-07-04T17:06:54.258558+00:00,139.3,50,ask,EarnestEspressos,FlawlessFlatbreads,7264445
2026-07-04T17:06:54.924921,2026-07-04T17:06:54.931931+00:00,139.2,100,ask,DiligentDonuts,EarnestEspressos,7264460
2026-07-04T17:06:54.938248,2026-07-04T17:06:54.946557+00:00,139.2,26,bid,Xuanyu Liu,EarnestEspressos,7264461
2026-07-04T17:06:55.465839,2026-07-04T17:06:55.475838+00:00,139.2,23,bid,Xuanyu Liu,EarnestEspressos,7264467
2026-07-04T17:06:56.281116,2026-07-04T17:06:56.293137+00:00,139.2,1,bid,DiligentDonuts,EarnestEspressos,7264484
2026-07-04T17:06:57.888288,2026-07-04T17:06:57.898903+00:00,139.8,25,bid,Alan Tran,DiligentDonuts,7264514
2026-07-04T17:06:58.036587,2026-07-04T17:06:58.045190+00:00,139.7,35,ask,EarnestEspressos,Xuanyu Liu,7264517
2026-07-04T17:06:58.360100,2026-07-04T17:06:58.371661+00:00,139.8,45,bid,CostlyCorianders,DiligentDonuts,7264525
2026-07-04T17:06:58.409420,2026-07-04T17:06:58.421268+00:00,139.8,30,bid,FlawlessFlatbreads,DiligentDonuts,7264526
2026-07-04T17:06:58.409420,2026-07-04T17:06:58.421268+00:00,140.2,20,bid,FlawlessFlatbreads,EarnestEspressos,7264527
2026-07-04T17:06:59.414329,2026-07-04T17:06:59.422651+00:00,139.7,11,ask,EarnestEspressos,Xuanyu Liu,7264540
2026-07-04T17:07:00.568335,2026-07-04T17:07:00.579540+00:00,139.7,50,ask,EarnestEspressos,FlawlessFlatbreads,7264562
2026-07-04T17:07:00.830609,2026-07-04T17:07:00.837107+00:00,139.7,43,ask,EarnestEspressos,CostlyCorianders,7264564
2026-07-04T17:07:02.625347,2026-07-04T17:07:02.634571+00:00,140.1,50,bid,FlawlessFlatbreads,EarnestEspressos,7264595
2026-07-04T17:07:03.326991,2026-07-04T17:07:03.338578+00:00,140.1,47,bid,CostlyCorianders,EarnestEspressos,7264602
2026-07-04T17:07:04.732593,2026-07-04T17:07:04.744293+00:00,140.2,50,bid,FlawlessFlatbreads,DiligentDonuts,7264622
2026-07-04T17:07:04.761797,2026-07-04T17:07:04.773342+00:00,139.9,46,ask,EarnestEspressos,CostlyCorianders,7264623
2026-07-04T17:07:06.267454,2026-07-04T17:07:06.274591+00:00,140.0,43,ask,DiligentDonuts,CostlyCorianders,7264664
2026-07-04T17:07:06.899793,2026-07-04T17:07:06.911382+00:00,140.0,50,ask,DiligentDonuts,FlawlessFlatbreads,7264682
2026-07-04T17:07:07.904896,2026-07-04T17:07:07.911376+00:00,140.2,25,bid,Alan Tran,EarnestEspressos,7264707
2026-07-04T17:07:08.623693,2026-07-04T17:07:08.633032+00:00,140.2,11,bid,Xuanyu Liu,EarnestEspressos,7264721
2026-07-04T17:07:08.946031,2026-07-04T17:07:08.958560+00:00,140.2,100,bid,DiligentDonuts,EarnestEspressos,7264727
2026-07-04T17:07:09.007460,2026-07-04T17:07:09.017129+00:00,139.7,50,ask,EarnestEspressos,FlawlessFlatbreads,7264728
2026-07-04T17:07:09.491183,2026-07-04T17:07:09.499828+00:00,140.2,12,bid,Xuanyu Liu,EarnestEspressos,7264740
2026-07-04T17:07:10.194831,2026-07-04T17:07:10.206613+00:00,140.2,2,bid,CostlyCorianders,EarnestEspressos,7264755
2026-07-04T17:07:10.194831,2026-07-04T17:07:10.206613+00:00,140.6,39,bid,CostlyCorianders,DiligentDonuts,7264756
2026-07-04T17:07:10.726489,2026-07-04T17:07:10.735911+00:00,140.6,61,bid,EarnestEspressos,DiligentDonuts,7264758
2026-07-04T17:07:10.791163,2026-07-04T17:07:10.799595+00:00,140.6,26,ask,EarnestEspressos,Xuanyu Liu,7264759
2026-07-04T17:07:11.114028,2026-07-04T17:07:11.125927+00:00,140.6,50,ask,EarnestEspressos,FlawlessFlatbreads,7264768
2026-07-04T17:07:13.221763,2026-07-04T17:07:13.230839+00:00,140.6,13,ask,EarnestEspressos,FlawlessFlatbreads,7264798
2026-07-04T17:07:13.221763,2026-07-04T17:07:13.230839+00:00,140.2,37,ask,DiligentDonuts,FlawlessFlatbreads,7264799
2026-07-04T17:07:14.325421,2026-07-04T17:07:14.332274+00:00,140.5,4,bid,Aaron Tian,EarnestEspressos,7264820
2026-07-04T17:07:15.330881,2026-07-04T17:07:15.346039+00:00,140.1,50,ask,DiligentDonuts,FlawlessFlatbreads,7264833
2026-07-04T17:07:17.386573,2026-07-04T17:07:17.398290+00:00,140.5,50,bid,FlawlessFlatbreads,EarnestEspressos,7264864
2026-07-04T17:07:17.930014,2026-07-04T17:07:17.941071+00:00,140.5,25,bid,Alan Tran,EarnestEspressos,7264872
2026-07-04T17:07:18.233266,2026-07-04T17:07:18.245106+00:00,140.5,44,bid,CostlyCorianders,EarnestEspressos,7264876
2026-07-04T17:07:18.806748,2026-07-04T17:07:18.818487+00:00,140.0,42,ask,EarnestEspressos,CostlyCorianders,7264885
2026-07-04T17:07:19.141892,2026-07-04T17:07:19.153200+00:00,140.3,14,bid,Xuanyu Liu,DiligentDonuts,7264892
2026-07-04T17:07:19.169616,2026-07-04T17:07:19.179715+00:00,140.3,12,bid,Xuanyu Liu,DiligentDonuts,7264894
2026-07-04T17:07:20.213411,2026-07-04T17:07:20.225215+00:00,140.3,74,bid,EarnestEspressos,DiligentDonuts,7264908
2026-07-04T17:07:20.440364,2026-07-04T17:07:20.458621+00:00,140.9,49,bid,CostlyCorianders,EarnestEspressos,7264910
2026-07-04T17:07:21.551235,2026-07-04T17:07:21.555957+00:00,140.4,47,ask,EarnestEspressos,CostlyCorianders,7264941
2026-07-04T17:07:21.597865,2026-07-04T17:07:21.606396+00:00,140.9,50,bid,FlawlessFlatbreads,EarnestEspressos,7264943
2026-07-04T17:07:21.775507,2026-07-04T17:07:21.784973+00:00,140.4,12,ask,EarnestEspressos,Xuanyu Liu,7264950
2026-07-04T17:07:22.630698,2026-07-04T17:07:22.638411+00:00,140.4,17,ask,EarnestEspressos,CostlyCorianders,7264966
2026-07-04T17:07:22.630698,2026-07-04T17:07:22.643677+00:00,140.3,23,ask,DiligentDonuts,CostlyCorianders,7264967
2026-07-04T17:07:23.082346,2026-07-04T17:07:23.089338+00:00,140.3,11,ask,DiligentDonuts,Xuanyu Liu,7264973
2026-07-04T17:07:23.671198,2026-07-04T17:07:23.678703+00:00,140.4,40,bid,CostlyCorianders,EarnestEspressos,7264988
2026-07-04T17:07:23.704037,2026-07-04T17:07:23.711287+00:00,140.4,50,bid,FlawlessFlatbreads,EarnestEspressos,7264990
2026-07-04T17:07:25.868219,2026-07-04T17:07:25.879965+00:00,140.1,50,ask,DiligentDonuts,FlawlessFlatbreads,7265022
2026-07-04T17:07:27.659471,2026-07-04T17:07:27.668759+00:00,140.5,3,ask,EarnestEspressos,Xuanyu Liu,7265038
2026-07-04T17:07:27.974874,2026-07-04T17:07:27.986350+00:00,140.5,50,ask,EarnestEspressos,FlawlessFlatbreads,7265046
2026-07-04T17:07:27.980683,2026-07-04T17:07:27.991531+00:00,140.5,97,ask,EarnestEspressos,DiligentDonuts,7265047
2026-07-04T17:07:28.211048,2026-07-04T17:07:28.226993+00:00,140.3,3,bid,Xuanyu Liu,DiligentDonuts,7265054
2026-07-04T17:07:32.955075,2026-07-04T17:07:32.958609+00:00,140.6,25,bid,Alan Tran,EarnestEspressos,7265145
2026-07-04T17:07:33.104493,2026-07-04T17:07:33.115871+00:00,140.6,43,bid,CostlyCorianders,EarnestEspressos,7265147
2026-07-04T17:07:34.249039,2026-07-04T17:07:34.256586+00:00,140.6,49,bid,CostlyCorianders,EarnestEspressos,7265165
2026-07-04T17:07:34.274950,2026-07-04T17:07:34.285307+00:00,140.6,33,bid,FlawlessFlatbreads,EarnestEspressos,7265168
2026-07-04T17:07:34.755137,2026-07-04T17:07:34.763584+00:00,140.4,46,ask,DiligentDonuts,CostlyCorianders,7265180
2026-07-04T17:07:36.395631,2026-07-04T17:07:36.407665+00:00,140.7,46,ask,EarnestEspressos,CostlyCorianders,7265208
2026-07-04T17:07:36.437558,2026-07-04T17:07:36.445194+00:00,140.7,50,ask,EarnestEspressos,FlawlessFlatbreads,7265210
2026-07-04T17:07:38.017367,2026-07-04T17:07:38.025852+00:00,140.7,42,ask,EarnestEspressos,CostlyCorianders,7265230
2026-07-04T17:07:38.492710,2026-07-04T17:07:38.499140+00:00,140.9,50,bid,FlawlessFlatbreads,DiligentDonuts,7265237
2026-07-04T17:07:40.520592,2026-07-04T17:07:40.532136+00:00,140.7,49,bid,CostlyCorianders,EarnestEspressos,7265279
2026-07-04T17:07:40.600391,2026-07-04T17:07:40.607552+00:00,140.7,50,bid,FlawlessFlatbreads,EarnestEspressos,7265282
2026-07-04T17:07:42.709435,2026-07-04T17:07:42.718748+00:00,141.0,50,bid,FlawlessFlatbreads,EarnestEspressos,7265319
2026-07-04T17:07:44.825979,2026-07-04T17:07:44.833500+00:00,141.0,50,bid,FlawlessFlatbreads,EarnestEspressos,7265361
2026-07-04T17:07:45.511630,2026-07-04T17:07:45.520680+00:00,140.9,3,ask,EarnestEspressos,Xuanyu Liu,7265376
2026-07-04T17:07:45.816750,2026-07-04T17:07:45.826276+00:00,140.9,45,ask,EarnestEspressos,CostlyCorianders,7265380
2026-07-04T17:07:46.932812,2026-07-04T17:07:46.939631+00:00,141.4,50,bid,FlawlessFlatbreads,EarnestEspressos,7265393
2026-07-04T17:07:48.662176,2026-07-04T17:07:48.670747+00:00,141.0,100,bid,EarnestEspressos,DiligentDonuts,7265420
2026-07-04T17:07:49.066554,2026-07-04T17:07:49.077962+00:00,141.5,50,bid,FlawlessFlatbreads,EarnestEspressos,7265431
2026-07-04T17:07:50.381175,2026-07-04T17:07:50.392757+00:00,141.0,43,ask,EarnestEspressos,CostlyCorianders,7265447
2026-07-04T17:07:51.233427,2026-07-04T17:07:51.240941+00:00,141.0,7,ask,EarnestEspressos,FlawlessFlatbreads,7265462
2026-07-04T17:07:51.233427,2026-07-04T17:07:51.246197+00:00,140.8,43,ask,DiligentDonuts,FlawlessFlatbreads,7265463
2026-07-04T17:07:52.502264,2026-07-04T17:07:52.513226+00:00,141.1,44,bid,CostlyCorianders,EarnestEspressos,7265491
2026-07-04T17:07:53.290907,2026-07-04T17:07:53.297798+00:00,141.1,50,bid,FlawlessFlatbreads,EarnestEspressos,7265501
2026-07-04T17:07:55.397650,2026-07-04T17:07:55.409437+00:00,141.1,50,bid,FlawlessFlatbreads,DiligentDonuts,7265531
2026-07-04T17:07:57.530610,2026-07-04T17:07:57.542153+00:00,141.5,50,bid,FlawlessFlatbreads,EarnestEspressos,7265570
2026-07-04T17:07:58.110886,2026-07-04T17:07:58.121428+00:00,141.6,41,bid,CostlyCorianders,DiligentDonuts,7265583
2026-07-04T17:07:58.171403,2026-07-04T17:07:58.181616+00:00,141.3,3,ask,EarnestEspressos,Xuanyu Liu,7265584
2026-07-04T17:07:59.690022,2026-07-04T17:07:59.697430+00:00,141.3,50,ask,EarnestEspressos,FlawlessFlatbreads,7265605
2026-07-04T17:08:01.141281,2026-07-04T17:08:01.148463+00:00,141.3,23,ask,EarnestEspressos,Xuanyu Liu,7265644
2026-07-04T17:08:01.797363,2026-07-04T17:08:01.809244+00:00,141.2,50,ask,DiligentDonuts,FlawlessFlatbreads,7265660
2026-07-04T17:08:02.803353,2026-07-04T17:08:02.812168+00:00,141.3,23,bid,Xuanyu Liu,EarnestEspressos,7265680
2026-07-04T17:08:03.868950,2026-07-04T17:08:03.880382+00:00,141.3,47,bid,CostlyCorianders,EarnestEspressos,7265703
2026-07-04T17:08:03.905162,2026-07-04T17:08:03.912365+00:00,140.8,50,ask,EarnestEspressos,FlawlessFlatbreads,7265704
2026-07-04T17:08:03.950237,2026-07-04T17:08:03.958635+00:00,140.8,47,ask,EarnestEspressos,CostlyCorianders,7265707
2026-07-04T17:08:05.594979,2026-07-04T17:08:05.606398+00:00,141.0,49,ask,EarnestEspressos,CostlyCorianders,7265730
2026-07-04T17:08:05.962331,2026-07-04T17:08:05.971688+00:00,141.5,50,bid,FlawlessFlatbreads,EarnestEspressos,7265742
2026-07-04T17:08:07.185416,2026-07-04T17:08:07.192569+00:00,141.5,49,bid,CostlyCorianders,EarnestEspressos,7265756
2026-07-04T17:08:08.069429,2026-07-04T17:08:08.078163+00:00,141.6,50,bid,FlawlessFlatbreads,DiligentDonuts,7265767
2026-07-04T17:08:10.230705,2026-07-04T17:08:10.240481+00:00,141.2,50,ask,EarnestEspressos,FlawlessFlatbreads,7265793
2026-07-04T17:08:10.555483,2026-07-04T17:08:10.568958+00:00,141.2,46,ask,EarnestEspressos,CostlyCorianders,7265798
2026-07-04T17:08:12.336087,2026-07-04T17:08:12.347577+00:00,141.2,50,ask,DiligentDonuts,FlawlessFlatbreads,7265818
2026-07-04T17:08:14.060498,2026-07-04T17:08:14.072297+00:00,141.2,50,ask,DiligentDonuts,EarnestEspressos,7265851
2026-07-04T17:08:14.442147,2026-07-04T17:08:14.463617+00:00,140.7,50,ask,EarnestEspressos,FlawlessFlatbreads,7265863
2026-07-04T17:08:16.548933,2026-07-04T17:08:16.551594+00:00,140.8,50,ask,DiligentDonuts,FlawlessFlatbreads,7265894
2026-07-04T17:08:18.622167,2026-07-04T17:08:18.631110+00:00,141.1,3,bid,Xuanyu Liu,DiligentDonuts,7265936
2026-07-04T17:08:18.655885,2026-07-04T17:08:18.667626+00:00,140.7,50,ask,EarnestEspressos,FlawlessFlatbreads,7265938
2026-07-04T17:08:18.978318,2026-07-04T17:08:18.989724+00:00,141.1,45,bid,CostlyCorianders,DiligentDonuts,7265954
2026-07-04T17:08:20.763714,2026-07-04T17:08:20.775222+00:00,140.6,50,ask,DiligentDonuts,FlawlessFlatbreads,7265985
2026-07-04T17:08:20.817378,2026-07-04T17:08:20.826283+00:00,140.9,3,bid,Xuanyu Liu,EarnestEspressos,7265987
2026-07-04T17:08:22.126643,2026-07-04T17:08:22.137799+00:00,140.9,11,bid,Xuanyu Liu,EarnestEspressos,7266009
2026-07-04T17:08:22.870679,2026-07-04T17:08:22.878868+00:00,140.8,50,ask,DiligentDonuts,FlawlessFlatbreads,7266020
2026-07-04T17:08:24.977853,2026-07-04T17:08:24.985280+00:00,140.7,50,ask,EarnestEspressos,FlawlessFlatbreads,7266056
2026-07-04T17:08:26.721924,2026-07-04T17:08:26.731220+00:00,140.7,100,ask,DiligentDonuts,EarnestEspressos,7266081
2026-07-04T17:08:27.024565,2026-07-04T17:08:27.031963+00:00,140.6,44,bid,CostlyCorianders,EarnestEspressos,7266086
2026-07-04T17:08:27.482795,2026-07-04T17:08:27.489164+00:00,140.6,6,bid,CostlyCorianders,EarnestEspressos,7266096
2026-07-04T17:08:28.675805,2026-07-04T17:08:28.684958+00:00,140.6,23,bid,Xuanyu Liu,DiligentDonuts,7266122
2026-07-04T17:08:29.187393,2026-07-04T17:08:29.198992+00:00,140.1,50,ask,EarnestEspressos,FlawlessFlatbreads,7266130
2026-07-04T17:08:29.829972,2026-07-04T17:08:29.841536+00:00,140.6,77,bid,EarnestEspressos,DiligentDonuts,7266133
2026-07-04T17:08:29.897816,2026-07-04T17:08:29.905999+00:00,140.9,11,ask,EarnestEspressos,Xuanyu Liu,7266135
2026-07-04T17:08:31.246341,2026-07-04T17:08:31.255743+00:00,141.4,50,bid,FlawlessFlatbreads,EarnestEspressos,7266162
2026-07-04T17:08:31.802818,2026-07-04T17:08:31.815258+00:00,140.9,12,ask,EarnestEspressos,Xuanyu Liu,7266168
2026-07-04T17:08:33.405164,2026-07-04T17:08:33.416656+00:00,140.9,50,ask,EarnestEspressos,FlawlessFlatbreads,7266195
2026-07-04T17:08:34.814651,2026-07-04T17:08:34.823177+00:00,140.9,11,ask,EarnestEspressos,Xuanyu Liu,7266219
2026-07-04T17:08:35.512194,2026-07-04T17:08:35.523805+00:00,140.9,50,ask,EarnestEspressos,FlawlessFlatbreads,7266237
2026-07-04T17:08:36.209343,2026-07-04T17:08:36.220852+00:00,140.6,100,ask,DiligentDonuts,EarnestEspressos,7266243
2026-07-04T17:08:36.222035,2026-07-04T17:08:36.230438+00:00,140.6,11,bid,Xuanyu Liu,EarnestEspressos,7266244
2026-07-04T17:08:37.567075,2026-07-04T17:08:37.578934+00:00,140.6,39,bid,FlawlessFlatbreads,EarnestEspressos,7266269
2026-07-04T17:08:37.715403,2026-07-04T17:08:37.727041+00:00,140.5,49,bid,CostlyCorianders,DiligentDonuts,7266271
2026-07-04T17:08:37.870271,2026-07-04T17:08:37.879274+00:00,140.5,12,bid,Xuanyu Liu,DiligentDonuts,7266278
2026-07-04T17:08:38.227017,2026-07-04T17:08:38.238817+00:00,140.1,48,ask,EarnestEspressos,CostlyCorianders,7266280
2026-07-04T17:08:38.734994,2026-07-04T17:08:38.746608+00:00,140.1,48,ask,EarnestEspressos,CostlyCorianders,7266287
2026-07-04T17:08:39.675926,2026-07-04T17:08:39.684599+00:00,140.5,39,bid,FlawlessFlatbreads,DiligentDonuts,7266300
2026-07-04T17:08:39.675926,2026-07-04T17:08:39.684599+00:00,140.5,11,bid,FlawlessFlatbreads,EarnestEspressos,7266301
2026-07-04T17:08:41.793317,2026-07-04T17:08:41.801287+00:00,140.5,50,bid,FlawlessFlatbreads,EarnestEspressos,7266346
2026-07-04T17:08:42.167001,2026-07-04T17:08:42.174655+00:00,140.5,46,bid,CostlyCorianders,EarnestEspressos,7266350
2026-07-04T17:08:42.491265,2026-07-04T17:08:42.499596+00:00,140.5,12,ask,EarnestEspressos,Xuanyu Liu,7266356
2026-07-04T17:08:43.904785,2026-07-04T17:08:43.920047+00:00,141.0,50,bid,FlawlessFlatbreads,EarnestEspressos,7266374
2026-07-04T17:08:45.206318,2026-07-04T17:08:45.218229+00:00,140.5,48,ask,EarnestEspressos,CostlyCorianders,7266403
2026-07-04T17:08:46.014421,2026-07-04T17:08:46.022428+00:00,140.7,50,bid,FlawlessFlatbreads,DiligentDonuts,7266412
2026-07-04T17:08:46.314862,2026-07-04T17:08:46.325938+00:00,140.7,47,bid,CostlyCorianders,DiligentDonuts,7266413
2026-07-04T17:08:48.122203,2026-07-04T17:08:48.129385+00:00,140.8,50,bid,FlawlessFlatbreads,DiligentDonuts,7266448
2026-07-04T17:08:50.187293,2026-07-04T17:08:50.196327+00:00,140.7,11,ask,DiligentDonuts,Xuanyu Liu,7266479
2026-07-04T17:08:50.230376,2026-07-04T17:08:50.242079+00:00,140.9,50,bid,FlawlessFlatbreads,EarnestEspressos,7266482
2026-07-04T17:08:50.969882,2026-07-04T17:08:50.979143+00:00,140.7,3,ask,DiligentDonuts,Xuanyu Liu,7266494
2026-07-04T17:08:52.363304,2026-07-04T17:08:52.373997+00:00,140.9,50,bid,FlawlessFlatbreads,EarnestEspressos,7266514
2026-07-04T17:08:54.471065,2026-07-04T17:08:54.482572+00:00,140.9,50,bid,FlawlessFlatbreads,EarnestEspressos,7266551
2026-07-04T17:08:55.138536,2026-07-04T17:08:55.150139+00:00,141.0,100,bid,EarnestEspressos,DiligentDonuts,7266563
2026-07-04T17:08:55.208695,2026-07-04T17:08:55.216414+00:00,141.0,3,ask,EarnestEspressos,Xuanyu Liu,7266566
2026-07-04T17:08:56.578012,2026-07-04T17:08:56.589516+00:00,141.3,50,bid,FlawlessFlatbreads,DiligentDonuts,7266602
2026-07-04T17:08:57.259449,2026-07-04T17:08:57.268097+00:00,141.0,11,ask,EarnestEspressos,Xuanyu Liu,7266610
2026-07-04T17:08:58.045629,2026-07-04T17:08:58.058543+00:00,141.0,25,ask,EarnestEspressos,Alan Tran,7266625
2026-07-04T17:08:58.171038,2026-07-04T17:08:58.182962+00:00,141.0,11,ask,EarnestEspressos,CostlyCorianders,7266628
2026-07-04T17:08:58.171038,2026-07-04T17:08:58.182962+00:00,140.8,29,ask,DiligentDonuts,CostlyCorianders,7266629
2026-07-04T17:08:58.354169,2026-07-04T17:08:58.365642+00:00,140.8,71,ask,DiligentDonuts,EarnestEspressos,7266632
2026-07-04T17:08:58.734421,2026-07-04T17:08:58.746348+00:00,140.3,50,ask,EarnestEspressos,FlawlessFlatbreads,7266636
2026-07-04T17:08:58.803698,2026-07-04T17:08:58.811509+00:00,140.8,40,bid,CostlyCorianders,EarnestEspressos,7266640
2026-07-04T17:09:00.859993,2026-07-04T17:09:00.868686+00:00,140.6,50,ask,DiligentDonuts,FlawlessFlatbreads,7266672
2026-07-04T17:09:01.858505,2026-07-04T17:09:01.870008+00:00,140.6,41,ask,DiligentDonuts,CostlyCorianders,7266690
2026-07-04T17:09:02.901901,2026-07-04T17:09:02.910861+00:00,140.9,11,bid,Xuanyu Liu,DiligentDonuts,7266706
2026-07-04T17:09:02.915112,2026-07-04T17:09:02.926403+00:00,140.9,50,bid,FlawlessFlatbreads,DiligentDonuts,7266708
2026-07-04T17:09:04.109946,2026-07-04T17:09:04.117851+00:00,140.9,3,bid,Xuanyu Liu,DiligentDonuts,7266723
2026-07-04T17:09:04.140136,2026-07-04T17:09:04.148144+00:00,140.9,36,bid,CostlyCorianders,DiligentDonuts,7266726
2026-07-04T17:09:04.140136,2026-07-04T17:09:04.148144+00:00,141.0,4,bid,CostlyCorianders,EarnestEspressos,7266727
2026-07-04T17:09:05.020403,2026-07-04T17:09:05.031888+00:00,141.3,50,bid,FlawlessFlatbreads,EarnestEspressos,7266737
2026-07-04T17:09:05.205911,2026-07-04T17:09:05.217305+00:00,140.8,46,ask,EarnestEspressos,CostlyCorianders,7266739
2026-07-04T17:09:06.333932,2026-07-04T17:09:06.341236+00:00,140.9,49,ask,DiligentDonuts,CostlyCorianders,7266761
2026-07-04T17:09:06.915267,2026-07-04T17:09:06.929906+00:00,141.3,42,bid,CostlyCorianders,EarnestEspressos,7266769
2026-07-04T17:09:08.010001,2026-07-04T17:09:08.018096+00:00,141.0,48,ask,EarnestEspressos,CostlyCorianders,7266790
2026-07-04T17:09:09.294716,2026-07-04T17:09:09.302482+00:00,141.0,50,ask,EarnestEspressos,FlawlessFlatbreads,7266804
2026-07-04T17:09:09.360496,2026-07-04T17:09:09.372928+00:00,141.0,3,ask,EarnestEspressos,Xuanyu Liu,7266805
2026-07-04T17:09:11.351363,2026-07-04T17:09:11.357845+00:00,141.0,50,bid,FlawlessFlatbreads,EarnestEspressos,7266848
2026-07-04T17:09:12.370487,2026-07-04T17:09:12.382307+00:00,141.0,46,bid,CostlyCorianders,EarnestEspressos,7266862
2026-07-04T17:09:13.457345,2026-07-04T17:09:13.468957+00:00,141.0,50,bid,FlawlessFlatbreads,EarnestEspressos,7266883
2026-07-04T17:09:13.961914,2026-07-04T17:09:13.973596+00:00,141.0,4,bid,CostlyCorianders,EarnestEspressos,7266890
2026-07-04T17:09:15.564747,2026-07-04T17:09:15.576188+00:00,141.1,50,bid,FlawlessFlatbreads,DiligentDonuts,7266908
2026-07-04T17:09:16.618450,2026-07-04T17:09:16.626541+00:00,141.0,11,ask,EarnestEspressos,Xuanyu Liu,7266924
2026-07-04T17:09:17.671553,2026-07-04T17:09:17.683324+00:00,141.1,50,bid,FlawlessFlatbreads,DiligentDonuts,7266945
2026-07-04T17:09:18.075022,2026-07-04T17:09:18.086856+00:00,140.9,25,ask,EarnestEspressos,Alan Tran,7266952
2026-07-04T17:09:18.707025,2026-07-04T17:09:18.718692+00:00,140.9,40,ask,EarnestEspressos,CostlyCorianders,7266960
2026-07-04T17:09:19.777416,2026-07-04T17:09:19.789074+00:00,141.3,50,bid,FlawlessFlatbreads,DiligentDonuts,7266979
2026-07-04T17:09:20.285885,2026-07-04T17:09:20.296602+00:00,141.3,41,bid,CostlyCorianders,DiligentDonuts,7266994
2026-07-04T17:09:21.293673,2026-07-04T17:09:21.305429+00:00,140.8,4,ask,DiligentDonuts,Aaron Tian,7267006
2026-07-04T17:09:21.789845,2026-07-04T17:09:21.797099+00:00,140.6,49,ask,EarnestEspressos,CostlyCorianders,7267013
2026-07-04T17:09:21.814153,2026-07-04T17:09:21.821961+00:00,140.9,12,ask,DiligentDonuts,Xuanyu Liu,7267015
2026-07-04T17:09:22.313394,2026-07-04T17:09:22.320146+00:00,140.9,40,ask,DiligentDonuts,CostlyCorianders,7267028
2026-07-04T17:09:23.095703,2026-07-04T17:09:23.105687+00:00,140.9,25,ask,DiligentDonuts,Alan Tran,7267049
2026-07-04T17:09:23.654666,2026-07-04T17:09:23.666197+00:00,140.9,23,ask,DiligentDonuts,EarnestEspressos,7267056
2026-07-04T17:09:26.148856,2026-07-04T17:09:26.155240+00:00,140.7,50,ask,DiligentDonuts,FlawlessFlatbreads,7267095
2026-07-04T17:09:27.165558,2026-07-04T17:09:27.174634+00:00,140.9,47,bid,CostlyCorianders,EarnestEspressos,7267120
2026-07-04T17:09:28.256862,2026-07-04T17:09:28.258536+00:00,140.6,50,ask,DiligentDonuts,FlawlessFlatbreads,7267134
2026-07-04T17:09:29.152224,2026-07-04T17:09:29.163910+00:00,140.9,49,bid,CostlyCorianders,EarnestEspressos,7267156
2026-07-04T17:09:30.365056,2026-07-04T17:09:30.375884+00:00,140.8,50,ask,EarnestEspressos,FlawlessFlatbreads,7267183
2026-07-04T17:09:30.634353,2026-07-04T17:09:30.642731+00:00,141.1,46,bid,CostlyCorianders,DiligentDonuts,7267192
2026-07-04T17:09:32.471444,2026-07-04T17:09:32.483224+00:00,140.8,50,ask,EarnestEspressos,FlawlessFlatbreads,7267217
2026-07-04T17:09:34.580152,2026-07-04T17:09:34.591215+00:00,140.7,50,ask,DiligentDonuts,FlawlessFlatbreads,7267258
2026-07-04T17:09:36.402372,2026-07-04T17:09:36.414045+00:00,140.7,43,ask,DiligentDonuts,CostlyCorianders,7267285
2026-07-04T17:09:36.695144,2026-07-04T17:09:36.706667+00:00,140.7,7,ask,DiligentDonuts,FlawlessFlatbreads,7267297
2026-07-04T17:09:36.695144,2026-07-04T17:09:36.706667+00:00,140.6,43,ask,EarnestEspressos,FlawlessFlatbreads,7267298
2026-07-04T17:09:37.682938,2026-07-04T17:09:37.690950+00:00,141.0,12,bid,Xuanyu Liu,DiligentDonuts,7267309
2026-07-04T17:09:38.806574,2026-07-04T17:09:38.818099+00:00,140.6,50,ask,EarnestEspressos,FlawlessFlatbreads,7267335
2026-07-04T17:09:38.922743,2026-07-04T17:09:38.934360+00:00,141.0,46,bid,CostlyCorianders,DiligentDonuts,7267337
2026-07-04T17:09:39.495878,2026-07-04T17:09:39.503204+00:00,140.8,14,bid,Xuanyu Liu,EarnestEspressos,7267349
2026-07-04T17:09:40.913744,2026-07-04T17:09:40.925176+00:00,140.5,50,ask,DiligentDonuts,FlawlessFlatbreads,7267375
2026-07-04T17:09:42.969066,2026-07-04T17:09:42.978789+00:00,140.6,50,bid,FlawlessFlatbreads,EarnestEspressos,7267410
2026-07-04T17:09:43.686860,2026-07-04T17:09:43.694001+00:00,140.5,41,ask,DiligentDonuts,CostlyCorianders,7267427
2026-07-04T17:09:45.075041,2026-07-04T17:09:45.086576+00:00,140.6,50,bid,FlawlessFlatbreads,EarnestEspressos,7267461
2026-07-04T17:09:45.277455,2026-07-04T17:09:45.289031+00:00,140.2,46,ask,DiligentDonuts,CostlyCorianders,7267463
2026-07-04T17:09:46.451437,2026-07-04T17:09:46.458585+00:00,140.7,47,bid,CostlyCorianders,DiligentDonuts,7267479
2026-07-04T17:09:47.234231,2026-07-04T17:09:47.246069+00:00,140.6,50,ask,EarnestEspressos,FlawlessFlatbreads,7267499
2026-07-04T17:09:47.523429,2026-07-04T17:09:47.535282+00:00,141.0,48,bid,CostlyCorianders,DiligentDonuts,7267506
2026-07-04T17:09:49.168746,2026-07-04T17:09:49.180638+00:00,140.5,47,ask,DiligentDonuts,CostlyCorianders,7267533
2026-07-04T17:09:49.343292,2026-07-04T17:09:49.354718+00:00,140.5,50,ask,DiligentDonuts,FlawlessFlatbreads,7267541
2026-07-04T17:09:49.696279,2026-07-04T17:09:49.707883+00:00,140.5,3,ask,DiligentDonuts,CostlyCorianders,7267545
2026-07-04T17:09:49.696279,2026-07-04T17:09:49.707883+00:00,140.4,40,ask,EarnestEspressos,CostlyCorianders,7267546
2026-07-04T17:09:51.398479,2026-07-04T17:09:51.409504+00:00,140.7,50,bid,FlawlessFlatbreads,DiligentDonuts,7267583
2026-07-04T17:09:53.140227,2026-07-04T17:09:53.149220+00:00,140.7,25,bid,Alan Tran,DiligentDonuts,7267617
2026-07-04T17:09:53.504073,2026-07-04T17:09:53.510987+00:00,141.0,50,bid,FlawlessFlatbreads,EarnestEspressos,7267622
2026-07-04T17:09:54.906106,2026-07-04T17:09:54.917824+00:00,141.0,41,bid,CostlyCorianders,EarnestEspressos,7267647
2026-07-04T17:09:55.611891,2026-07-04T17:09:55.623359+00:00,141.1,50,bid,FlawlessFlatbreads,DiligentDonuts,7267662
2026-07-04T17:09:57.051060,2026-07-04T17:09:57.063569+00:00,141.3,40,bid,CostlyCorianders,DiligentDonuts,7267680
2026-07-04T17:09:57.737780,2026-07-04T17:09:57.746650+00:00,141.3,50,bid,FlawlessFlatbreads,DiligentDonuts,7267687
2026-07-04T17:09:59.900544,2026-07-04T17:09:59.912348+00:00,141.2,50,ask,DiligentDonuts,FlawlessFlatbreads,7267715
2026-07-04T17:10:02.034860,2026-07-04T17:10:02.046419+00:00,141.2,50,ask,DiligentDonuts,FlawlessFlatbreads,7267749
2026-07-04T17:10:04.296154,2026-07-04T17:10:04.307476+00:00,141.0,46,ask,EarnestEspressos,CostlyCorianders,7267796
2026-07-04T17:10:05.374763,2026-07-04T17:10:05.384292+00:00,140.8,48,ask,DiligentDonuts,CostlyCorianders,7267816
2026-07-04T17:10:08.299076,2026-07-04T17:10:08.310512+00:00,141.4,50,bid,FlawlessFlatbreads,DiligentDonuts,7267872
2026-07-04T17:10:08.514781,2026-07-04T17:10:08.526150+00:00,141.4,42,bid,CostlyCorianders,DiligentDonuts,7267875
2026-07-04T17:10:09.592587,2026-07-04T17:10:09.604139+00:00,141.3,40,bid,CostlyCorianders,DiligentDonuts,7267900
2026-07-04T17:10:10.404599,2026-07-04T17:10:10.416475+00:00,141.3,50,bid,FlawlessFlatbreads,DiligentDonuts,7267911
2026-07-04T17:10:10.524932,2026-07-04T17:10:10.534253+00:00,140.9,44,ask,EarnestEspressos,CostlyCorianders,7267917
2026-07-04T17:10:12.413404,2026-07-04T17:10:12.425082+00:00,141.1,100,bid,DiligentDonuts,EarnestEspressos,7267946
2026-07-04T17:10:12.511749,2026-07-04T17:10:12.521368+00:00,141.1,50,bid,FlawlessFlatbreads,EarnestEspressos,7267951
2026-07-04T17:10:16.745102,2026-07-04T17:10:16.758598+00:00,141.3,50,bid,FlawlessFlatbreads,DiligentDonuts,7268018
2026-07-04T17:10:17.141683,2026-07-04T17:10:17.158555+00:00,141.3,48,bid,CostlyCorianders,DiligentDonuts,7268021
2026-07-04T17:10:17.375349,2026-07-04T17:10:17.382547+00:00,141.3,2,bid,EarnestEspressos,DiligentDonuts,7268025
2026-07-04T17:10:17.438376,2026-07-04T17:10:17.446534+00:00,141.3,3,ask,EarnestEspressos,Xuanyu Liu,7268028
2026-07-04T17:10:18.435628,2026-07-04T17:10:18.444199+00:00,141.3,40,ask,EarnestEspressos,CostlyCorianders,7268047
2026-07-04T17:10:18.902349,2026-07-04T17:10:18.913820+00:00,141.3,50,ask,EarnestEspressos,FlawlessFlatbreads,7268058
2026-07-04T17:10:21.008064,2026-07-04T17:10:21.019909+00:00,141.3,50,ask,DiligentDonuts,FlawlessFlatbreads,7268094
2026-07-04T17:10:21.468816,2026-07-04T17:10:21.475937+00:00,141.3,23,ask,DiligentDonuts,Xuanyu Liu,7268102
2026-07-04T17:10:22.262726,2026-07-04T17:10:22.274144+00:00,140.9,40,ask,EarnestEspressos,CostlyCorianders,7268122
2026-07-04T17:10:23.116226,2026-07-04T17:10:23.128157+00:00,140.9,50,ask,EarnestEspressos,FlawlessFlatbreads,7268133
2026-07-04T17:10:23.780557,2026-07-04T17:10:23.789680+00:00,141.0,26,bid,Xuanyu Liu,EarnestEspressos,7268146
2026-07-04T17:10:24.309232,2026-07-04T17:10:24.317537+00:00,141.0,46,bid,CostlyCorianders,EarnestEspressos,7268153
2026-07-04T17:10:25.223963,2026-07-04T17:10:25.234755+00:00,140.9,50,ask,DiligentDonuts,FlawlessFlatbreads,7268183
2026-07-04T17:10:25.302344,2026-07-04T17:10:25.314026+00:00,140.9,44,ask,DiligentDonuts,CostlyCorianders,7268188
2026-07-04T17:10:25.936909,2026-07-04T17:10:25.948488+00:00,141.0,47,bid,CostlyCorianders,EarnestEspressos,7268201
2026-07-04T17:10:27.280247,2026-07-04T17:10:27.291730+00:00,141.3,50,bid,FlawlessFlatbreads,EarnestEspressos,7268227
2026-07-04T17:10:29.020608,2026-07-04T17:10:29.032381+00:00,140.9,44,ask,EarnestEspressos,CostlyCorianders,7268243
2026-07-04T17:10:29.438170,2026-07-04T17:10:29.445287+00:00,140.9,50,ask,EarnestEspressos,FlawlessFlatbreads,7268249
2026-07-04T17:10:31.548003,2026-07-04T17:10:31.555256+00:00,140.7,50,ask,EarnestEspressos,FlawlessFlatbreads,7268276
2026-07-04T17:10:32.100465,2026-07-04T17:10:32.112310+00:00,141.2,45,bid,CostlyCorianders,EarnestEspressos,7268284
2026-07-04T17:10:33.332470,2026-07-04T17:10:33.340959+00:00,140.7,45,ask,DiligentDonuts,CostlyCorianders,7268297
2026-07-04T17:10:33.653636,2026-07-04T17:10:33.658571+00:00,140.7,50,ask,DiligentDonuts,FlawlessFlatbreads,7268306
2026-07-04T17:10:33.894357,2026-07-04T17:10:33.906071+00:00,140.7,5,ask,DiligentDonuts,CostlyCorianders,7268309
2026-07-04T17:10:33.894357,2026-07-04T17:10:33.906071+00:00,140.6,36,ask,EarnestEspressos,CostlyCorianders,7268310
2026-07-04T17:10:35.761285,2026-07-04T17:10:35.773130+00:00,140.6,50,ask,EarnestEspressos,FlawlessFlatbreads,7268331
2026-07-04T17:10:37.819298,2026-07-04T17:10:37.831048+00:00,140.4,50,bid,FlawlessFlatbreads,EarnestEspressos,7268363
2026-07-04T17:10:38.191752,2026-07-04T17:10:38.199790+00:00,140.4,25,bid,Alan Tran,EarnestEspressos,7268367
2026-07-04T17:10:38.533907,2026-07-04T17:10:38.542944+00:00,140.4,14,bid,Xuanyu Liu,EarnestEspressos,7268378
2026-07-04T17:10:39.978370,2026-07-04T17:10:39.988836+00:00,140.1,50,ask,EarnestEspressos,FlawlessFlatbreads,7268401
2026-07-04T17:10:40.476484,2026-07-04T17:10:40.487935+00:00,140.5,48,bid,CostlyCorianders,DiligentDonuts,7268404
2026-07-04T17:10:41.067532,2026-07-04T17:10:41.079127+00:00,140.5,47,bid,CostlyCorianders,DiligentDonuts,7268420
2026-07-04T17:10:42.084589,2026-07-04T17:10:42.095969+00:00,140.1,50,ask,EarnestEspressos,FlawlessFlatbreads,7268435
2026-07-04T17:10:43.122579,2026-07-04T17:10:43.134080+00:00,140.2,45,bid,CostlyCorianders,EarnestEspressos,7268446
2026-07-04T17:10:43.177768,2026-07-04T17:10:43.184516+00:00,140.0,40,ask,DiligentDonuts,CostlyCorianders,7268453
2026-07-04T17:10:43.206160,2026-07-04T17:10:43.216793+00:00,140.2,25,bid,Alan Tran,EarnestEspressos,7268455
2026-07-04T17:10:44.192474,2026-07-04T17:10:44.204253+00:00,140.0,50,ask,DiligentDonuts,FlawlessFlatbreads,7268471
2026-07-04T17:10:46.301760,2026-07-04T17:10:46.313410+00:00,140.0,50,ask,DiligentDonuts,FlawlessFlatbreads,7268515
2026-07-04T17:10:48.408671,2026-07-04T17:10:48.420534+00:00,139.8,50,ask,EarnestEspressos,FlawlessFlatbreads,7268562
2026-07-04T17:10:49.837129,2026-07-04T17:10:49.847308+00:00,139.8,46,ask,EarnestEspressos,CostlyCorianders,7268579
2026-07-04T17:10:50.465543,2026-07-04T17:10:50.474679+00:00,140.1,50,bid,FlawlessFlatbreads,DiligentDonuts,7268588
2026-07-04T17:10:51.826938,2026-07-04T17:10:51.833852+00:00,140.1,43,bid,CostlyCorianders,DiligentDonuts,7268616
2026-07-04T17:10:52.572213,2026-07-04T17:10:52.580338+00:00,140.1,3,bid,FlawlessFlatbreads,DiligentDonuts,7268636
2026-07-04T17:10:52.572213,2026-07-04T17:10:52.580338+00:00,140.2,47,bid,FlawlessFlatbreads,EarnestEspressos,7268637
2026-07-04T17:10:53.554954,2026-07-04T17:10:53.568629+00:00,140.2,45,bid,CostlyCorianders,EarnestEspressos,7268652
2026-07-04T17:10:54.678728,2026-07-04T17:10:54.685259+00:00,140.2,50,bid,FlawlessFlatbreads,EarnestEspressos,7268677
2026-07-04T17:10:55.913227,2026-07-04T17:10:55.921369+00:00,140.2,11,ask,EarnestEspressos,Xuanyu Liu,7268694
2026-07-04T17:10:56.835931,2026-07-04T17:10:56.847326+00:00,140.2,50,ask,EarnestEspressos,FlawlessFlatbreads,7268709
2026-07-04T17:10:57.456568,2026-07-04T17:10:57.468162+00:00,140.2,46,ask,EarnestEspressos,CostlyCorianders,7268723
2026-07-04T17:10:58.613693,2026-07-04T17:10:58.625626+00:00,140.4,47,bid,CostlyCorianders,DiligentDonuts,7268744
2026-07-04T17:10:58.942781,2026-07-04T17:10:58.951943+00:00,139.9,50,ask,DiligentDonuts,FlawlessFlatbreads,7268750
2026-07-04T17:11:00.882845,2026-07-04T17:11:00.894470+00:00,140.1,42,ask,DiligentDonuts,CostlyCorianders,7268780
2026-07-04T17:11:01.049700,2026-07-04T17:11:01.056018+00:00,140.1,50,ask,DiligentDonuts,FlawlessFlatbreads,7268786
2026-07-04T17:11:01.736578,2026-07-04T17:11:01.748531+00:00,140.1,8,ask,DiligentDonuts,EarnestEspressos,7268801
2026-07-04T17:11:03.184000,2026-07-04T17:11:03.190954+00:00,139.6,50,ask,EarnestEspressos,FlawlessFlatbreads,7268825
2026-07-04T17:11:03.749160,2026-07-04T17:11:03.763625+00:00,139.9,45,bid,CostlyCorianders,DiligentDonuts,7268833
2026-07-04T17:11:03.802759,2026-07-04T17:11:03.814345+00:00,139.6,49,ask,EarnestEspressos,CostlyCorianders,7268834
2026-07-04T17:11:04.374729,2026-07-04T17:11:04.382811+00:00,139.9,11,bid,Xuanyu Liu,DiligentDonuts,7268842
2026-07-04T17:11:04.433674,2026-07-04T17:11:04.442577+00:00,139.6,47,ask,EarnestEspressos,CostlyCorianders,7268844
2026-07-04T17:11:04.734373,2026-07-04T17:11:04.742086+00:00,139.9,12,bid,Xuanyu Liu,DiligentDonuts,7268851
2026-07-04T17:11:04.947046,2026-07-04T17:11:04.959414+00:00,139.7,23,bid,Xuanyu Liu,EarnestEspressos,7268858
2026-07-04T17:11:05.255960,2026-07-04T17:11:05.267831+00:00,139.7,50,bid,FlawlessFlatbreads,EarnestEspressos,7268862
2026-07-04T17:11:06.202015,2026-07-04T17:11:06.214783+00:00,139.7,77,bid,DiligentDonuts,EarnestEspressos,7268876
2026-07-04T17:11:07.386346,2026-07-04T17:11:07.395167+00:00,140.4,50,bid,FlawlessFlatbreads,DiligentDonuts,7268896
2026-07-04T17:11:07.528589,2026-07-04T17:11:07.539186+00:00,140.4,44,bid,CostlyCorianders,DiligentDonuts,7268903
2026-07-04T17:11:08.669917,2026-07-04T17:11:08.678409+00:00,140.0,12,ask,EarnestEspressos,Xuanyu Liu,7268928
2026-07-04T17:11:09.492062,2026-07-04T17:11:09.503905+00:00,140.4,50,bid,FlawlessFlatbreads,EarnestEspressos,7268935
2026-07-04T17:11:10.543323,2026-07-04T17:11:10.555235+00:00,140.0,46,ask,EarnestEspressos,CostlyCorianders,7268945
2026-07-04T17:11:13.763904,2026-07-04T17:11:13.775260+00:00,139.9,50,ask,EarnestEspressos,FlawlessFlatbreads,7269021
2026-07-04T17:11:15.898714,2026-07-04T17:11:15.907776+00:00,140.0,50,ask,DiligentDonuts,FlawlessFlatbreads,7269064
2026-07-04T17:11:17.954478,2026-07-04T17:11:17.966287+00:00,140.4,50,bid,FlawlessFlatbreads,EarnestEspressos,7269094
2026-07-04T17:11:20.088542,2026-07-04T17:11:20.099156+00:00,140.4,50,bid,FlawlessFlatbreads,EarnestEspressos,7269123
2026-07-04T17:11:20.703126,2026-07-04T17:11:20.710647+00:00,140.2,11,ask,EarnestEspressos,Xuanyu Liu,7269133
2026-07-04T17:11:21.827328,2026-07-04T17:11:21.834970+00:00,140.4,41,bid,CostlyCorianders,DiligentDonuts,7269145
2026-07-04T17:11:22.200187,2026-07-04T17:11:22.207928+00:00,140.5,50,bid,FlawlessFlatbreads,DiligentDonuts,7269152
2026-07-04T17:11:23.745742,2026-07-04T17:11:23.764158+00:00,140.5,40,bid,CostlyCorianders,DiligentDonuts,7269174
2026-07-04T17:11:24.310912,2026-07-04T17:11:24.322529+00:00,140.5,10,bid,FlawlessFlatbreads,DiligentDonuts,7269180
2026-07-04T17:11:24.310912,2026-07-04T17:11:24.322529+00:00,140.7,40,bid,FlawlessFlatbreads,EarnestEspressos,7269181
2026-07-04T17:11:25.186068,2026-07-04T17:11:25.195089+00:00,140.5,12,ask,DiligentDonuts,Xuanyu Liu,7269202
2026-07-04T17:11:25.414081,2026-07-04T17:11:25.425446+00:00,140.5,48,ask,DiligentDonuts,CostlyCorianders,7269206
2026-07-04T17:11:26.420313,2026-07-04T17:11:26.427738+00:00,140.7,50,bid,FlawlessFlatbreads,EarnestEspressos,7269224
2026-07-04T17:11:26.940157,2026-07-04T17:11:26.949188+00:00,140.7,44,bid,CostlyCorianders,EarnestEspressos,7269230
2026-07-04T17:11:27.010841,2026-07-04T17:11:27.022240+00:00,141.0,100,bid,EarnestEspressos,DiligentDonuts,7269235
2026-07-04T17:11:27.076992,2026-07-04T17:11:27.084690+00:00,141.1,28,ask,EarnestEspressos,Xuanyu Liu,7269239
2026-07-04T17:11:27.369214,2026-07-04T17:11:27.376094+00:00,141.6,22,bid,Zihao Wu,EarnestEspressos,7269251
2026-07-04T17:11:28.152793,2026-07-04T17:11:28.164962+00:00,141.1,22,ask,EarnestEspressos,CostlyCorianders,7269262
2026-07-04T17:11:28.152793,2026-07-04T17:11:28.164962+00:00,140.5,22,ask,DiligentDonuts,CostlyCorianders,7269263
2026-07-04T17:11:28.526428,2026-07-04T17:11:28.537814+00:00,141.4,50,bid,FlawlessFlatbreads,DiligentDonuts,7269274
2026-07-04T17:11:30.235008,2026-07-04T17:11:30.242373+00:00,141.2,11,bid,Xuanyu Liu,EarnestEspressos,7269296
2026-07-04T17:11:30.632737,2026-07-04T17:11:30.644371+00:00,141.2,50,bid,FlawlessFlatbreads,EarnestEspressos,7269306
2026-07-04T17:11:31.401750,2026-07-04T17:11:31.413212+00:00,141.2,44,bid,CostlyCorianders,EarnestEspressos,7269319
2026-07-04T17:11:32.246284,2026-07-04T17:11:32.257597+00:00,141.2,3,bid,Xuanyu Liu,EarnestEspressos,7269338
2026-07-04T17:11:32.427482,2026-07-04T17:11:32.436500+00:00,141.1,49,ask,DiligentDonuts,CostlyCorianders,7269342
2026-07-04T17:11:32.739149,2026-07-04T17:11:32.751080+00:00,141.2,42,bid,FlawlessFlatbreads,EarnestEspressos,7269349
2026-07-04T17:11:32.739149,2026-07-04T17:11:32.751080+00:00,141.6,8,bid,FlawlessFlatbreads,DiligentDonuts,7269350
2026-07-04T17:11:32.924907,2026-07-04T17:11:32.933133+00:00,141.1,44,ask,DiligentDonuts,CostlyCorianders,7269356
2026-07-04T17:11:33.572173,2026-07-04T17:11:33.580321+00:00,141.4,3,ask,EarnestEspressos,Xuanyu Liu,7269365
2026-07-04T17:11:34.727349,2026-07-04T17:11:34.739110+00:00,141.4,100,ask,EarnestEspressos,DiligentDonuts,7269383
2026-07-04T17:11:34.779988,2026-07-04T17:11:34.786377+00:00,141.4,47,ask,EarnestEspressos,CostlyCorianders,7269385
2026-07-04T17:11:34.857707,2026-07-04T17:11:34.869110+00:00,141.9,50,bid,FlawlessFlatbreads,EarnestEspressos,7269387
2026-07-04T17:11:36.422536,2026-07-04T17:11:36.429147+00:00,141.9,41,bid,CostlyCorianders,EarnestEspressos,7269415
2026-07-04T17:11:36.963167,2026-07-04T17:11:36.974618+00:00,141.6,50,bid,FlawlessFlatbreads,EarnestEspressos,7269429
2026-07-04T17:11:38.814487,2026-07-04T17:11:38.822816+00:00,141.6,43,bid,CostlyCorianders,EarnestEspressos,7269454
2026-07-04T17:11:39.071158,2026-07-04T17:11:39.082760+00:00,141.6,50,bid,FlawlessFlatbreads,EarnestEspressos,7269465
2026-07-04T17:11:39.674575,2026-07-04T17:11:39.686347+00:00,141.7,100,bid,EarnestEspressos,DiligentDonuts,7269473
2026-07-04T17:11:39.742707,2026-07-04T17:11:39.751762+00:00,141.7,23,ask,EarnestEspressos,Xuanyu Liu,7269474
2026-07-04T17:11:40.114423,2026-07-04T17:11:40.123238+00:00,141.7,27,ask,EarnestEspressos,Xuanyu Liu,7269483
2026-07-04T17:11:41.229313,2026-07-04T17:11:41.241013+00:00,141.1,50,ask,DiligentDonuts,FlawlessFlatbreads,7269499
2026-07-04T17:11:42.901788,2026-07-04T17:11:42.910196+00:00,141.3,4,bid,Xuanyu Liu,EarnestEspressos,7269528
2026-07-04T17:11:43.206368,2026-07-04T17:11:43.217193+00:00,141.1,40,ask,DiligentDonuts,CostlyCorianders,7269538
2026-07-04T17:11:43.271504,2026-07-04T17:11:43.289957+00:00,141.1,10,ask,DiligentDonuts,Alan Tran,7269540
2026-07-04T17:11:43.287145,2026-07-04T17:11:43.294952+00:00,141.3,50,bid,FlawlessFlatbreads,EarnestEspressos,7269543
2026-07-04T17:11:44.359825,2026-07-04T17:11:44.367745+00:00,141.3,12,bid,Xuanyu Liu,EarnestEspressos,7269561
2026-07-04T17:11:45.448797,2026-07-04T17:11:45.458572+00:00,140.9,50,ask,DiligentDonuts,FlawlessFlatbreads,7269573
2026-07-04T17:11:45.693037,2026-07-04T17:11:45.704490+00:00,141.3,48,bid,CostlyCorianders,EarnestEspressos,7269584
2026-07-04T17:11:46.612975,2026-07-04T17:11:46.624096+00:00,141.2,49,ask,EarnestEspressos,CostlyCorianders,7269596
2026-07-04T17:11:47.402529,2026-07-04T17:11:47.413960+00:00,141.2,100,ask,EarnestEspressos,DiligentDonuts,7269615
2026-07-04T17:11:47.412600,2026-07-04T17:11:47.419534+00:00,141.2,1,ask,EarnestEspressos,Zihao Wu,7269616
2026-07-04T17:11:49.234598,2026-07-04T17:11:49.243214+00:00,140.9,11,bid,Xuanyu Liu,EarnestEspressos,7269645
2026-07-04T17:11:49.297487,2026-07-04T17:11:49.308742+00:00,140.9,44,bid,CostlyCorianders,EarnestEspressos,7269648
2026-07-04T17:11:50.615816,2026-07-04T17:11:50.624242+00:00,140.9,26,bid,Xuanyu Liu,EarnestEspressos,7269676
2026-07-04T17:11:52.344527,2026-07-04T17:11:52.352846+00:00,141.2,3,ask,EarnestEspressos,Xuanyu Liu,7269706
2026-07-04T17:11:52.745661,2026-07-04T17:11:52.753645+00:00,141.3,43,bid,CostlyCorianders,DiligentDonuts,7269711
2026-07-04T17:11:52.821595,2026-07-04T17:11:52.832045+00:00,141.2,11,ask,EarnestEspressos,Xuanyu Liu,7269714
2026-07-04T17:11:53.299814,2026-07-04T17:11:53.311239+00:00,141.2,25,ask,EarnestEspressos,Alan Tran,7269723
2026-07-04T17:11:53.309770,2026-07-04T17:11:53.316725+00:00,141.2,2,ask,EarnestEspressos,Alan Tran,7269725
2026-07-04T17:11:53.845036,2026-07-04T17:11:53.858603+00:00,141.2,47,ask,EarnestEspressos,CostlyCorianders,7269739
2026-07-04T17:11:53.872679,2026-07-04T17:11:53.880832+00:00,141.2,50,ask,EarnestEspressos,FlawlessFlatbreads,7269740
2026-07-04T17:11:54.114791,2026-07-04T17:11:54.126459+00:00,141.2,4,ask,EarnestEspressos,Aaron Tian,7269743
2026-07-04T17:11:55.548258,2026-07-04T17:11:55.558604+00:00,141.1,100,ask,DiligentDonuts,EarnestEspressos,7269765
2026-07-04T17:11:55.870265,2026-07-04T17:11:55.878609+00:00,141.1,11,bid,Xuanyu Liu,EarnestEspressos,7269773
2026-07-04T17:11:55.980684,2026-07-04T17:11:55.992307+00:00,140.6,50,ask,EarnestEspressos,FlawlessFlatbreads,7269775
2026-07-04T17:11:57.175363,2026-07-04T17:11:57.182808+00:00,141.1,3,bid,Xuanyu Liu,EarnestEspressos,7269798
2026-07-04T17:11:58.075056,2026-07-04T17:11:58.086731+00:00,141.1,36,bid,CostlyCorianders,EarnestEspressos,7269811
2026-07-04T17:11:58.088042,2026-07-04T17:11:58.099463+00:00,141.0,50,ask,DiligentDonuts,FlawlessFlatbreads,7269812
2026-07-04T17:11:59.445128,2026-07-04T17:11:59.454123+00:00,141.1,3,ask,EarnestEspressos,Xuanyu Liu,7269829
2026-07-04T17:12:00.196042,2026-07-04T17:12:00.207977+00:00,141.1,50,ask,EarnestEspressos,FlawlessFlatbreads,7269853
2026-07-04T17:12:00.339771,2026-07-04T17:12:00.351283+00:00,141.1,42,ask,EarnestEspressos,CostlyCorianders,7269854
2026-07-04T17:12:00.662794,2026-07-04T17:12:00.677899+00:00,141.1,11,ask,EarnestEspressos,Xuanyu Liu,7269861
2026-07-04T17:12:01.878385,2026-07-04T17:12:01.885631+00:00,140.9,100,ask,DiligentDonuts,EarnestEspressos,7269883
2026-07-04T17:12:02.304937,2026-07-04T17:12:02.316564+00:00,140.1,50,ask,EarnestEspressos,FlawlessFlatbreads,7269892
2026-07-04T17:12:02.412393,2026-07-04T17:12:02.420918+00:00,140.6,14,bid,Xuanyu Liu,EarnestEspressos,7269896
2026-07-04T17:12:02.876948,2026-07-04T17:12:02.888506+00:00,140.6,36,bid,CostlyCorianders,EarnestEspressos,7269903
2026-07-04T17:12:04.987113,2026-07-04T17:12:04.998739+00:00,140.7,100,bid,EarnestEspressos,DiligentDonuts,7269939
2026-07-04T17:12:05.059638,2026-07-04T17:12:05.068064+00:00,141.0,3,ask,EarnestEspressos,Xuanyu Liu,7269946
2026-07-04T17:12:06.079787,2026-07-04T17:12:06.091614+00:00,141.0,45,ask,EarnestEspressos,CostlyCorianders,7269958
2026-07-04T17:12:06.383363,2026-07-04T17:12:06.389730+00:00,141.0,2,ask,EarnestEspressos,DiligentDonuts,7269963
2026-07-04T17:12:06.519932,2026-07-04T17:12:06.527877+00:00,140.5,50,ask,DiligentDonuts,FlawlessFlatbreads,7269969
2026-07-04T17:12:08.216041,2026-07-04T17:12:08.224671+00:00,140.9,3,bid,Xuanyu Liu,EarnestEspressos,7269994
2026-07-04T17:12:08.629342,2026-07-04T17:12:08.641117+00:00,140.5,50,ask,DiligentDonuts,FlawlessFlatbreads,7270001
2026-07-04T17:12:12.839928,2026-07-04T17:12:12.851698+00:00,140.5,50,ask,EarnestEspressos,FlawlessFlatbreads,7270069
2026-07-04T17:12:13.377003,2026-07-04T17:12:13.385578+00:00,140.8,25,bid,Alan Tran,DiligentDonuts,7270081
2026-07-04T17:12:14.948404,2026-07-04T17:12:14.959921+00:00,140.3,50,ask,DiligentDonuts,FlawlessFlatbreads,7270106
2026-07-04T17:12:19.480762,2026-07-04T17:12:19.489948+00:00,140.7,3,bid,Xuanyu Liu,EarnestEspressos,7270182
2026-07-04T17:12:20.055568,2026-07-04T17:12:20.057346+00:00,140.7,4,bid,Aaron Tian,EarnestEspressos,7270189
2026-07-04T17:12:20.581565,2026-07-04T17:12:20.593424+00:00,140.7,42,bid,CostlyCorianders,EarnestEspressos,7270203
2026-07-04T17:12:23.387557,2026-07-04T17:12:23.395742+00:00,140.5,50,ask,EarnestEspressos,FlawlessFlatbreads,7270241
2026-07-04T17:12:23.434358,2026-07-04T17:12:23.446013+00:00,140.8,43,bid,CostlyCorianders,DiligentDonuts,7270242
2026-07-04T17:12:23.993421,2026-07-04T17:12:24.005294+00:00,140.3,40,ask,DiligentDonuts,CostlyCorianders,7270249
2026-07-04T17:12:25.443346,2026-07-04T17:12:25.455176+00:00,140.6,50,bid,FlawlessFlatbreads,EarnestEspressos,7270273
2026-07-04T17:12:26.027481,2026-07-04T17:12:26.035798+00:00,140.6,34,bid,Xuanyu Liu,EarnestEspressos,7270282
2026-07-04T17:12:27.140033,2026-07-04T17:12:27.150192+00:00,140.8,100,bid,EarnestEspressos,DiligentDonuts,7270304
2026-07-04T17:12:27.206172,2026-07-04T17:12:27.215749+00:00,140.8,11,ask,EarnestEspressos,Xuanyu Liu,7270305
2026-07-04T17:12:27.551920,2026-07-04T17:12:27.559362+00:00,141.3,50,bid,FlawlessFlatbreads,EarnestEspressos,7270321
2026-07-04T17:12:29.169901,2026-07-04T17:12:29.178991+00:00,140.8,12,ask,EarnestEspressos,Xuanyu Liu,7270347
2026-07-04T17:12:29.196604,2026-07-04T17:12:29.208312+00:00,140.8,27,ask,EarnestEspressos,CostlyCorianders,7270349
2026-07-04T17:12:29.196604,2026-07-04T17:12:29.208312+00:00,140.8,18,ask,DiligentDonuts,CostlyCorianders,7270350
2026-07-04T17:12:29.657644,2026-07-04T17:12:29.669696+00:00,141.3,50,bid,FlawlessFlatbreads,EarnestEspressos,7270357
2026-07-04T17:12:30.801871,2026-07-04T17:12:30.809339+00:00,141.0,45,bid,CostlyCorianders,EarnestEspressos,7270371
2026-07-04T17:12:31.764236,2026-07-04T17:12:31.774064+00:00,141.0,50,bid,FlawlessFlatbreads,EarnestEspressos,7270394
2026-07-04T17:12:33.069842,2026-07-04T17:12:33.081386+00:00,141.0,47,bid,CostlyCorianders,EarnestEspressos,7270412
2026-07-04T17:12:33.468573,2026-07-04T17:12:33.480395+00:00,141.1,100,bid,EarnestEspressos,DiligentDonuts,7270420
2026-07-04T17:12:33.535836,2026-07-04T17:12:33.545038+00:00,141.1,14,ask,EarnestEspressos,Xuanyu Liu,7270422
2026-07-04T17:12:33.593923,2026-07-04T17:12:33.605846+00:00,141.1,36,ask,EarnestEspressos,CostlyCorianders,7270424
2026-07-04T17:12:33.593923,2026-07-04T17:12:33.605846+00:00,140.6,10,ask,DiligentDonuts,CostlyCorianders,7270425
2026-07-04T17:12:33.870134,2026-07-04T17:12:33.882089+00:00,141.6,50,bid,FlawlessFlatbreads,EarnestEspressos,7270428
2026-07-04T17:12:34.222268,2026-07-04T17:12:34.234138+00:00,140.6,49,ask,DiligentDonuts,CostlyCorianders,7270435
2026-07-04T17:12:35.995004,2026-07-04T17:12:36.003460+00:00,140.9,50,bid,FlawlessFlatbreads,DiligentDonuts,7270465
2026-07-04T17:12:38.100083,2026-07-04T17:12:38.111547+00:00,140.8,50,bid,FlawlessFlatbreads,EarnestEspressos,7270497
2026-07-04T17:12:40.228105,2026-07-04T17:12:40.239637+00:00,141.1,50,bid,FlawlessFlatbreads,DiligentDonuts,7270527
2026-07-04T17:12:40.472447,2026-07-04T17:12:40.483838+00:00,140.6,46,ask,DiligentDonuts,CostlyCorianders,7270538
2026-07-04T17:12:41.723619,2026-07-04T17:12:41.735064+00:00,141.0,46,bid,CostlyCorianders,DiligentDonuts,7270557
2026-07-04T17:12:42.333928,2026-07-04T17:12:42.345509+00:00,141.0,50,bid,FlawlessFlatbreads,DiligentDonuts,7270566
2026-07-04T17:12:44.472221,2026-07-04T17:12:44.483935+00:00,141.2,50,bid,FlawlessFlatbreads,EarnestEspressos,7270600
2026-07-04T17:12:45.233750,2026-07-04T17:12:45.245390+00:00,141.2,48,bid,CostlyCorianders,EarnestEspressos,7270607
2026-07-04T17:12:46.134157,2026-07-04T17:12:46.142471+00:00,141.1,3,ask,EarnestEspressos,Xuanyu Liu,7270627
2026-07-04T17:12:46.580149,2026-07-04T17:12:46.591741+00:00,141.4,50,bid,FlawlessFlatbreads,DiligentDonuts,7270636
2026-07-04T17:12:47.254068,2026-07-04T17:12:47.258541+00:00,141.1,48,ask,EarnestEspressos,CostlyCorianders,7270651
2026-07-04T17:12:47.298091,2026-07-04T17:12:47.305930+00:00,141.1,11,ask,EarnestEspressos,Xuanyu Liu,7270654
2026-07-04T17:12:48.397370,2026-07-04T17:12:48.408762+00:00,141.1,41,ask,EarnestEspressos,CostlyCorianders,7270665
2026-07-04T17:12:48.704273,2026-07-04T17:12:48.711532+00:00,141.6,50,bid,FlawlessFlatbreads,EarnestEspressos,7270673
2026-07-04T17:12:50.108267,2026-07-04T17:12:50.124398+00:00,141.4,46,bid,CostlyCorianders,EarnestEspressos,7270697
2026-07-04T17:12:50.810272,2026-07-04T17:12:50.821892+00:00,141.4,50,bid,FlawlessFlatbreads,EarnestEspressos,7270706
2026-07-04T17:12:51.339699,2026-07-04T17:12:51.351616+00:00,141.1,43,ask,DiligentDonuts,CostlyCorianders,7270715
2026-07-04T17:12:52.920142,2026-07-04T17:12:52.927538+00:00,141.6,50,bid,FlawlessFlatbreads,DiligentDonuts,7270744
2026-07-04T17:12:53.433102,2026-07-04T17:12:53.458573+00:00,141.1,25,ask,DiligentDonuts,Alan Tran,7270755
2026-07-04T17:12:53.587037,2026-07-04T17:12:53.594332+00:00,141.1,12,ask,DiligentDonuts,Xuanyu Liu,7270757
2026-07-04T17:12:54.404078,2026-07-04T17:12:54.415584+00:00,141.1,47,ask,EarnestEspressos,CostlyCorianders,7270767
2026-07-04T17:12:54.892809,2026-07-04T17:12:54.901680+00:00,141.1,11,ask,EarnestEspressos,Xuanyu Liu,7270770
2026-07-04T17:12:55.030938,2026-07-04T17:12:55.042228+00:00,141.3,50,bid,FlawlessFlatbreads,DiligentDonuts,7270773
2026-07-04T17:12:57.137964,2026-07-04T17:12:57.150018+00:00,141.2,50,bid,FlawlessFlatbreads,EarnestEspressos,7270807
