timestamp,recv_time,price,volume,aggressor_side,buyer,seller,trade_id
2026-06-29T06:59:59.754031,2026-06-28T21:00:00.150156+00:00,101.3,50,bid,,,11554867
2026-06-29T07:00:02.458037,2026-06-28T21:00:02.854723+00:00,101.0,2,bid,,,11554894
2026-06-29T07:00:04.015798,2026-06-28T21:00:04.405724+00:00,101.0,50,ask,,,11554927
2026-06-29T07:00:06.121192,2026-06-28T21:00:06.517333+00:00,101.0,50,ask,,,11554959
2026-06-29T07:00:07.185722,2026-06-28T21:00:07.573334+00:00,101.0,40,ask,,,11554983
2026-06-29T07:00:10.331741,2026-06-28T21:00:10.718348+00:00,100.9,50,ask,,,11555066
2026-06-29T07:00:12.083446,2026-06-28T21:00:12.478368+00:00,101.2,43,bid,,,11555095
2026-06-29T07:00:12.438209,2026-06-28T21:00:12.829501+00:00,100.9,5,ask,,,11555100
2026-06-29T07:00:12.438209,2026-06-28T21:00:12.829501+00:00,100.8,45,ask,,,11555101
2026-06-29T07:00:14.545979,2026-06-28T21:00:14.941492+00:00,100.9,50,ask,,,11555132
2026-06-29T07:00:16.654424,2026-06-28T21:00:17.042044+00:00,100.9,50,ask,,,11555173
2026-06-29T07:00:16.710032,2026-06-28T21:00:17.097044+00:00,100.9,3,ask,,,11555177
2026-06-29T07:00:16.878502,2026-06-28T21:00:17.273044+00:00,100.8,41,bid,,,11555179
2026-06-29T07:00:16.909173,2026-06-28T21:00:17.306044+00:00,100.8,5,bid,,,11555183
2026-06-29T07:00:18.760836,2026-06-28T21:00:19.152523+00:00,100.4,50,ask,,,11555224
2026-06-29T07:00:20.863526,2026-06-28T21:00:21.253633+00:00,100.8,25,bid,,,11555264
2026-06-29T07:00:20.868796,2026-06-28T21:00:21.264514+00:00,100.5,50,ask,,,11555265
2026-06-29T07:00:21.101751,2026-06-28T21:00:21.495633+00:00,100.8,25,bid,,,11555273
2026-06-29T07:00:21.310476,2026-06-28T21:00:21.704633+00:00,100.8,25,bid,,,11555282
2026-06-29T07:00:21.520581,2026-06-28T21:00:21.912632+00:00,100.8,25,bid,,,11555286
2026-06-29T07:00:22.976811,2026-06-28T21:00:23.363663+00:00,100.3,50,ask,,,11555316
2026-06-29T07:00:23.267948,2026-06-28T21:00:23.660662+00:00,100.5,43,ask,,,11555319
2026-06-29T07:00:24.819320,2026-06-28T21:00:25.211654+00:00,101.0,43,bid,,,11555355
2026-06-29T07:00:25.081874,2026-06-28T21:00:25.475662+00:00,100.7,50,ask,,,11555362
2026-06-29T07:00:26.948111,2026-06-28T21:00:27.355703+00:00,100.7,2,ask,,,11555391
2026-06-29T07:00:26.948111,2026-06-28T21:00:27.355703+00:00,100.7,41,ask,,,11555392
2026-06-29T07:00:27.205771,2026-06-28T21:00:27.597712+00:00,100.7,50,ask,,,11555400
2026-06-29T07:00:29.311033,2026-06-28T21:00:29.697915+00:00,100.7,1,ask,,,11555430
2026-06-29T07:00:29.311033,2026-06-28T21:00:29.708915+00:00,100.6,49,ask,,,11555431
2026-06-29T07:00:29.381329,2026-06-28T21:00:29.774915+00:00,100.7,1,ask,,,11555434
2026-06-29T07:00:29.381329,2026-06-28T21:00:29.774915+00:00,100.6,51,ask,,,11555435
2026-06-29T07:00:29.404534,2026-06-28T21:00:29.796915+00:00,100.6,1,bid,,,11555436
2026-06-29T07:00:29.431830,2026-06-28T21:00:29.818915+00:00,100.6,1,bid,,,11555438
2026-06-29T07:00:29.496894,2026-06-28T21:00:29.895915+00:00,100.6,1,bid,,,11555440
2026-06-29T07:00:29.536783,2026-06-28T21:00:29.928915+00:00,100.6,1,bid,,,11555442
2026-06-29T07:00:29.546607,2026-06-28T21:00:29.939915+00:00,100.6,25,bid,,,11555444
2026-06-29T07:00:29.576941,2026-06-28T21:00:29.972915+00:00,100.6,1,bid,,,11555445
2026-06-29T07:00:29.599966,2026-06-28T21:00:29.994915+00:00,100.6,1,bid,,,11555446
2026-06-29T07:00:29.756453,2026-06-28T21:00:30.148906+00:00,100.6,25,bid,,,11555448
2026-06-29T07:00:29.836428,2026-06-28T21:00:30.225906+00:00,100.6,1,bid,,,11555455
2026-06-29T07:00:29.970791,2026-06-28T21:00:30.357906+00:00,100.6,25,bid,,,11555461
2026-06-29T07:00:30.650503,2026-06-28T21:00:31.039915+00:00,100.6,2,bid,,,11555467
2026-06-29T07:00:30.919175,2026-06-28T21:00:31.314915+00:00,100.6,2,bid,,,11555475
2026-06-29T07:00:31.371393,2026-06-28T21:00:31.765915+00:00,100.6,12,bid,,,11555484
2026-06-29T07:00:31.371393,2026-06-28T21:00:31.765915+00:00,100.6,38,bid,,,11555485
2026-06-29T07:00:31.499556,2026-06-28T21:00:31.886915+00:00,100.6,2,bid,,,11555487
2026-06-29T07:00:31.538063,2026-06-28T21:00:31.930915+00:00,100.6,2,bid,,,11555488
2026-06-29T07:00:31.566116,2026-06-28T21:00:31.952915+00:00,100.6,2,bid,,,11555489
2026-06-29T07:00:31.595457,2026-06-28T21:00:31.985915+00:00,100.6,2,bid,,,11555490
2026-06-29T07:00:31.653367,2026-06-28T21:00:32.040915+00:00,100.6,2,bid,,,11555491
2026-06-29T07:00:31.677594,2026-06-28T21:00:32.073915+00:00,100.6,2,bid,,,11555492
2026-06-29T07:00:31.926614,2026-06-28T21:00:32.315915+00:00,100.6,1,bid,,,11555501
2026-06-29T07:00:31.963642,2026-06-28T21:00:32.359915+00:00,100.6,49,bid,,,11555502
2026-06-29T07:00:33.480392,2026-06-28T21:00:33.867023+00:00,100.7,50,bid,,,11555526
2026-06-29T07:00:35.627422,2026-06-28T21:00:36.023202+00:00,100.2,45,ask,,,11555571
2026-06-29T07:00:36.747731,2026-06-28T21:00:37.144796+00:00,100.8,42,bid,,,11555590
2026-06-29T07:00:37.743357,2026-06-28T21:00:38.133885+00:00,100.5,50,ask,,,11555608
2026-06-29T07:00:38.852740,2026-06-28T21:00:39.244885+00:00,100.3,41,ask,,,11555626
2026-06-29T07:00:39.867662,2026-06-28T21:00:40.256469+00:00,100.2,50,ask,,,11555645
2026-06-29T07:00:40.937316,2026-06-28T21:00:41.333975+00:00,100.7,43,bid,,,11555665
2026-06-29T07:00:40.993644,2026-06-28T21:00:41.388975+00:00,100.2,41,ask,,,11555668
2026-06-29T07:00:41.922320,2026-06-28T21:00:42.312984+00:00,100.7,50,bid,,,11555688
2026-06-29T07:00:43.206793,2026-06-28T21:00:43.598677+00:00,100.6,1,bid,,,11555709
2026-06-29T07:00:43.702361,2026-06-28T21:00:44.104668+00:00,100.5,47,ask,,,11555723
2026-06-29T07:00:44.017729,2026-06-28T21:00:44.412667+00:00,100.6,4,bid,,,11555733
2026-06-29T07:00:44.078665,2026-06-28T21:00:44.467667+00:00,100.5,50,ask,,,11555734
2026-06-29T07:00:44.583680,2026-06-28T21:00:44.973677+00:00,100.6,45,bid,,,11555743
2026-06-29T07:00:45.628863,2026-06-28T21:00:46.018676+00:00,100.4,1,bid,,,11555766
2026-06-29T07:00:46.038686,2026-06-28T21:00:46.436233+00:00,100.4,1,bid,,,11555783
2026-06-29T07:00:46.185575,2026-06-28T21:00:46.579233+00:00,100.1,50,ask,,,11555788
2026-06-29T07:00:48.294275,2026-06-28T21:00:48.689951+00:00,99.9,50,ask,,,11555828
2026-06-29T07:00:50.348238,2026-06-28T21:00:50.735951+00:00,100.3,50,bid,,,11555867
2026-06-29T07:00:51.411107,2026-06-28T21:00:51.802951+00:00,100.2,4,ask,,,11555885
2026-06-29T07:00:54.556254,2026-06-28T21:00:54.947183+00:00,100.3,50,bid,,,11555942
2026-06-29T07:00:56.666616,2026-06-28T21:00:57.058263+00:00,100.5,1,bid,,,11555981
2026-06-29T07:00:56.666616,2026-06-28T21:00:57.058263+00:00,100.5,49,bid,,,11555982
2026-06-29T07:00:58.073018,2026-06-28T21:00:58.465342+00:00,100.5,1,bid,,,11556010
2026-06-29T07:00:58.773133,2026-06-28T21:00:59.168452+00:00,100.8,50,bid,,,11556026
2026-06-29T07:00:59.597149,2026-06-28T21:00:59.993333+00:00,100.8,49,bid,,,11556044
2026-06-29T07:01:00.880908,2026-06-28T21:01:01.269335+00:00,100.8,50,bid,,,11556077
2026-06-29T07:01:01.333005,2026-06-28T21:01:01.720334+00:00,100.7,100,ask,,,11556086
2026-06-29T07:01:02.988593,2026-06-28T21:01:03.381487+00:00,101.2,50,bid,,,11556117
2026-06-29T07:01:04.022409,2026-06-28T21:01:04.415495+00:00,100.7,46,ask,,,11556135
2026-06-29T07:01:05.097073,2026-06-28T21:01:05.493009+00:00,100.9,50,bid,,,11556158
2026-06-29T07:01:07.207702,2026-06-28T21:01:07.604594+00:00,100.9,50,bid,,,11556200
2026-06-29T07:01:09.313778,2026-06-28T21:01:09.704153+00:00,100.7,3,bid,,,11556227
2026-06-29T07:01:09.313778,2026-06-28T21:01:09.704153+00:00,100.9,47,bid,,,11556228
2026-06-29T07:01:10.499607,2026-06-28T21:01:10.892144+00:00,100.8,25,ask,,,11556256
2026-06-29T07:01:10.708985,2026-06-28T21:01:11.101262+00:00,100.8,25,ask,,,11556258
2026-06-29T07:01:10.923602,2026-06-28T21:01:11.310144+00:00,100.8,25,ask,,,11556269
2026-06-29T07:01:11.133989,2026-06-28T21:01:11.530153+00:00,100.8,25,ask,,,11556273
2026-06-29T07:01:11.344456,2026-06-28T21:01:11.739153+00:00,100.8,25,ask,,,11556280
2026-06-29T07:01:11.422561,2026-06-28T21:01:11.816143+00:00,101.1,50,bid,,,11556284
2026-06-29T07:01:11.429132,2026-06-28T21:01:11.827144+00:00,100.8,3,ask,,,11556285
2026-06-29T07:01:11.552893,2026-06-28T21:01:11.948144+00:00,100.8,22,ask,,,11556286
2026-06-29T07:01:11.661013,2026-06-28T21:01:12.058152+00:00,100.6,48,ask,,,11556290
2026-06-29T07:01:13.374113,2026-06-28T21:01:13.761874+00:00,100.6,48,ask,,,11556329
2026-06-29T07:01:13.528705,2026-06-28T21:01:13.915865+00:00,101.1,50,bid,,,11556332
2026-06-29T07:01:14.303002,2026-06-28T21:01:14.696874+00:00,100.7,48,bid,,,11556342
2026-06-29T07:01:15.281790,2026-06-28T21:01:15.675388+00:00,100.7,46,bid,,,11556361
2026-06-29T07:01:15.635734,2026-06-28T21:01:16.027380+00:00,100.7,50,bid,,,11556367
2026-06-29T07:01:16.244261,2026-06-28T21:01:16.632400+00:00,100.7,6,bid,,,11556390
2026-06-29T07:01:16.244261,2026-06-28T21:01:16.632400+00:00,100.8,1,bid,,,11556391
2026-06-29T07:01:17.390476,2026-06-28T21:01:17.796658+00:00,100.7,25,ask,,,11556402
2026-06-29T07:01:17.749577,2026-06-28T21:01:18.137301+00:00,101.1,50,bid,,,11556408
2026-06-29T07:01:19.906790,2026-06-28T21:01:20.303191+00:00,100.8,1,bid,,,11556448
2026-06-29T07:01:19.910940,2026-06-28T21:01:20.303191+00:00,100.8,50,ask,,,11556449
2026-06-29T07:01:20.242283,2026-06-28T21:01:20.633201+00:00,100.9,5,bid,,,11556454
2026-06-29T07:01:20.289824,2026-06-28T21:01:20.677208+00:00,100.9,5,ask,,,11556455
2026-06-29T07:01:20.404931,2026-06-28T21:01:20.798222+00:00,100.9,1,ask,,,11556460
2026-06-29T07:01:21.258683,2026-06-28T21:01:21.656301+00:00,100.9,4,ask,,,11556483
2026-06-29T07:01:21.397181,2026-06-28T21:01:21.788300+00:00,100.9,4,ask,,,11556484
2026-06-29T07:01:22.016758,2026-06-28T21:01:22.404191+00:00,100.9,50,ask,,,11556493
2026-06-29T07:01:22.021318,2026-06-28T21:01:22.415191+00:00,100.9,4,ask,,,11556494
2026-06-29T07:01:22.102140,2026-06-28T21:01:22.492191+00:00,100.9,27,ask,,,11556497
2026-06-29T07:01:22.102140,2026-06-28T21:01:22.492191+00:00,100.8,19,ask,,,11556498
2026-06-29T07:01:24.127086,2026-06-28T21:01:24.525959+00:00,100.3,50,ask,,,11556542
2026-06-29T07:01:24.420584,2026-06-28T21:01:24.811841+00:00,100.6,6,ask,,,11556549
2026-06-29T07:01:26.258364,2026-06-28T21:01:26.647902+00:00,100.6,6,ask,,,11556585
2026-06-29T07:01:26.258364,2026-06-28T21:01:26.647902+00:00,100.3,44,ask,,,11556586
2026-06-29T07:01:27.066797,2026-06-28T21:01:27.461407+00:00,100.5,44,bid,,,11556597
2026-06-29T07:01:28.379785,2026-06-28T21:01:28.769920+00:00,100.3,50,ask,,,11556628
2026-06-29T07:01:29.548547,2026-06-28T21:01:29.935911+00:00,100.5,2,bid,,,11556651
2026-06-29T07:01:30.487584,2026-06-28T21:01:30.881920+00:00,100.1,50,ask,,,11556670
2026-06-29T07:01:32.606137,2026-06-28T21:01:33.004032+00:00,100.4,4,ask,,,11556712
2026-06-29T07:01:32.606137,2026-06-28T21:01:33.004032+00:00,100.1,46,ask,,,11556713
2026-06-29T07:01:33.051250,2026-06-28T21:01:33.443547+00:00,100.4,25,bid,,,11556719
2026-06-29T07:01:33.261692,2026-06-28T21:01:33.652546+00:00,100.4,25,bid,,,11556724
2026-06-29T07:01:33.470374,2026-06-28T21:01:33.861556+00:00,100.4,25,bid,,,11556735
2026-06-29T07:01:33.678958,2026-06-28T21:01:34.070548+00:00,100.4,25,bid,,,11556741
2026-06-29T07:01:33.888815,2026-06-28T21:01:34.279547+00:00,100.5,25,bid,,,11556745
2026-06-29T07:01:34.099396,2026-06-28T21:01:34.487666+00:00,100.5,25,bid,,,11556749
2026-06-29T07:01:34.713337,2026-06-28T21:01:35.103666+00:00,100.0,50,ask,,,11556771
2026-06-29T07:01:36.825204,2026-06-28T21:01:37.215106+00:00,100.3,4,ask,,,11556811
2026-06-29T07:01:36.825204,2026-06-28T21:01:37.215106+00:00,100.2,46,ask,,,11556812
2026-06-29T07:01:38.931780,2026-06-28T21:01:39.326333+00:00,100.3,5,ask,,,11556844
2026-06-29T07:01:38.931780,2026-06-28T21:01:39.326333+00:00,100.2,45,ask,,,11556845
2026-06-29T07:01:39.155116,2026-06-28T21:01:39.546343+00:00,100.7,1,bid,,,11556851
2026-06-29T07:01:39.155116,2026-06-28T21:01:39.546343+00:00,100.7,43,bid,,,11556852
2026-06-29T07:01:39.519951,2026-06-28T21:01:39.909343+00:00,100.5,25,bid,,,11556859
2026-06-29T07:01:40.989385,2026-06-28T21:01:41.383354+00:00,100.5,50,bid,,,11556878
2026-06-29T07:01:42.337016,2026-06-28T21:01:42.724874+00:00,100.6,1,bid,,,11556910
2026-06-29T07:01:43.096213,2026-06-28T21:01:43.483584+00:00,100.8,50,bid,,,11556920
2026-06-29T07:01:45.261245,2026-06-28T21:01:45.661593+00:00,100.5,50,ask,,,11556967
2026-06-29T07:01:49.422060,2026-06-28T21:01:49.814634+00:00,100.5,50,bid,,,11557028
2026-06-29T07:01:51.591335,2026-06-28T21:01:51.981525+00:00,100.3,2,ask,,,11557071
2026-06-29T07:01:51.591335,2026-06-28T21:01:51.981525+00:00,100.3,48,ask,,,11557072
2026-06-29T07:01:52.238687,2026-06-28T21:01:52.630114+00:00,100.3,41,ask,,,11557090
2026-06-29T07:01:53.698491,2026-06-28T21:01:54.092243+00:00,100.3,50,ask,,,11557129
2026-06-29T07:01:54.746771,2026-06-28T21:01:55.136257+00:00,100.3,100,ask,,,11557148
2026-06-29T07:01:55.425619,2026-06-28T21:01:55.818266+00:00,99.9,40,bid,,,11557171
2026-06-29T07:01:55.574839,2026-06-28T21:01:55.972266+00:00,99.9,10,bid,,,11557177
2026-06-29T07:01:55.754996,2026-06-28T21:01:56.147809+00:00,100.2,50,bid,,,11557182
2026-06-29T07:01:56.463348,2026-06-28T21:01:56.851810+00:00,99.7,48,ask,,,11557190
2026-06-29T07:01:56.807070,2026-06-28T21:01:57.203817+00:00,100.2,1,bid,,,11557194
2026-06-29T07:01:56.953879,2026-06-28T21:01:57.346818+00:00,100.2,1,bid,,,11557195
2026-06-29T07:01:56.985732,2026-06-28T21:01:57.379817+00:00,100.2,1,bid,,,11557196
2026-06-29T07:01:57.047435,2026-06-28T21:01:57.434809+00:00,100.2,1,bid,,,11557203
2026-06-29T07:01:57.854566,2026-06-28T21:01:58.280635+00:00,100.2,46,bid,,,11557225
2026-06-29T07:02:00.021124,2026-06-28T21:02:00.414648+00:00,100.2,50,ask,,,11557258
2026-06-29T07:02:00.048558,2026-06-28T21:02:00.436648+00:00,100.4,46,bid,,,11557259
2026-06-29T07:02:00.588388,2026-06-28T21:02:00.975639+00:00,100.2,25,ask,,,11557272
2026-06-29T07:02:00.799300,2026-06-28T21:02:01.195648+00:00,100.2,25,ask,,,11557279
2026-06-29T07:02:01.046292,2026-06-28T21:02:01.437648+00:00,99.9,49,ask,,,11557290
2026-06-29T07:02:01.067296,2026-06-28T21:02:01.459648+00:00,99.9,51,ask,,,11557292
2026-06-29T07:02:01.216123,2026-06-28T21:02:01.613639+00:00,99.8,25,bid,,,11557296
2026-06-29T07:02:01.425655,2026-06-28T21:02:01.822758+00:00,99.8,25,bid,,,11557300
2026-06-29T07:02:02.129015,2026-06-28T21:02:02.526638+00:00,99.5,50,ask,,,11557322
2026-06-29T07:02:02.417202,2026-06-28T21:02:02.811633+00:00,99.8,46,bid,,,11557336
2026-06-29T07:02:02.957948,2026-06-28T21:02:03.350642+00:00,99.5,43,ask,,,11557344
2026-06-29T07:02:04.177903,2026-06-28T21:02:04.571643+00:00,100.0,100,bid,,,11557371
2026-06-29T07:02:04.236282,2026-06-28T21:02:04.626152+00:00,100.1,50,ask,,,11557372
2026-06-29T07:02:04.640537,2026-06-28T21:02:05.033161+00:00,100.2,44,bid,,,11557387
2026-06-29T07:02:06.341858,2026-06-28T21:02:06.735109+00:00,99.7,50,ask,,,11557426
2026-06-29T07:02:08.450585,2026-06-28T21:02:08.845116+00:00,99.8,50,ask,,,11557474
2026-06-29T07:02:09.163021,2026-06-28T21:02:09.559233+00:00,99.8,46,ask,,,11557487
2026-06-29T07:02:10.236020,2026-06-28T21:02:10.626123+00:00,99.8,4,ask,,,11557507
2026-06-29T07:02:10.564436,2026-06-28T21:02:10.956114+00:00,99.5,50,ask,,,11557518
2026-06-29T07:02:11.439942,2026-06-28T21:02:11.836114+00:00,100.0,42,bid,,,11557543
2026-06-29T07:02:12.670656,2026-06-28T21:02:13.067243+00:00,99.5,50,ask,,,11557563
2026-06-29T07:02:14.675991,2026-06-28T21:02:15.068762+00:00,99.8,41,bid,,,11557604
2026-06-29T07:02:14.777906,2026-06-28T21:02:15.167762+00:00,99.5,50,ask,,,11557609
2026-06-29T07:02:16.384876,2026-06-28T21:02:16.772829+00:00,99.5,45,ask,,,11557642
2026-06-29T07:02:16.880568,2026-06-28T21:02:17.267829+00:00,100.0,41,bid,,,11557652
2026-06-29T07:02:18.988386,2026-06-28T21:02:19.379951+00:00,99.5,50,ask,,,11557703
2026-06-29T07:02:21.045525,2026-06-28T21:02:21.436971+00:00,99.5,50,bid,,,11557738
2026-06-29T07:02:21.243907,2026-06-28T21:02:21.634971+00:00,99.1,40,ask,,,11557743
2026-06-29T07:02:22.265472,2026-06-28T21:02:22.657489+00:00,99.5,45,bid,,,11557768
2026-06-29T07:02:22.319459,2026-06-28T21:02:22.712489+00:00,99.1,46,ask,,,11557769
2026-06-29T07:02:23.152056,2026-06-28T21:02:23.546225+00:00,99.5,5,bid,,,11557778
2026-06-29T07:02:23.152056,2026-06-28T21:02:23.546225+00:00,99.9,4,bid,,,11557779
2026-06-29T07:02:23.522815,2026-06-28T21:02:23.919725+00:00,99.1,100,bid,,,11557788
2026-06-29T07:02:24.555424,2026-06-28T21:02:24.942736+00:00,99.1,47,bid,,,11557804
2026-06-29T07:02:25.259886,2026-06-28T21:02:25.657744+00:00,99.1,3,bid,,,11557824
2026-06-29T07:02:25.259886,2026-06-28T21:02:25.657744+00:00,99.8,5,bid,,,11557825
2026-06-29T07:02:25.259886,2026-06-28T21:02:25.657744+00:00,99.9,42,bid,,,11557826
2026-06-29T07:02:26.824987,2026-06-28T21:02:27.219296+00:00,99.3,45,ask,,,11557859
2026-06-29T07:02:27.369230,2026-06-28T21:02:27.757951+00:00,99.8,50,bid,,,11557873
2026-06-29T07:02:29.480690,2026-06-28T21:02:29.880010+00:00,99.8,50,bid,,,11557918
2026-06-29T07:02:29.578868,2026-06-28T21:02:29.968010+00:00,99.8,41,bid,,,11557922
2026-06-29T07:02:31.410766,2026-06-28T21:02:31.805031+00:00,99.6,45,ask,,,11557956
2026-06-29T07:02:31.592339,2026-06-28T21:02:31.981031+00:00,99.8,50,bid,,,11557959
2026-06-29T07:02:33.559882,2026-06-28T21:02:33.947687+00:00,100.0,42,bid,,,11557994
2026-06-29T07:02:33.717376,2026-06-28T21:02:34.112206+00:00,100.0,50,bid,,,11558001
2026-06-29T07:02:34.536179,2026-06-28T21:02:34.926206+00:00,99.6,46,ask,,,11558017
2026-06-29T07:02:35.502166,2026-06-28T21:02:35.905206+00:00,99.6,45,ask,,,11558038
2026-06-29T07:02:35.824965,2026-06-28T21:02:36.212747+00:00,100.0,8,bid,,,11558050
2026-06-29T07:02:36.987136,2026-06-28T21:02:37.378756+00:00,99.8,1,ask,,,11558070
2026-06-29T07:02:37.937739,2026-06-28T21:02:38.357016+00:00,100.0,50,bid,,,11558098
2026-06-29T07:02:37.953874,2026-06-28T21:02:38.368015+00:00,100.0,45,bid,,,11558099
2026-06-29T07:02:38.511293,2026-06-28T21:02:38.908016+00:00,99.8,43,ask,,,11558112
2026-06-29T07:02:40.045737,2026-06-28T21:02:40.436696+00:00,100.3,50,bid,,,11558142
2026-06-29T07:02:41.273153,2026-06-28T21:02:41.666815+00:00,99.9,5,ask,,,11558167
2026-06-29T07:02:42.137426,2026-06-28T21:02:42.533815+00:00,100.0,4,bid,,,11558182
2026-06-29T07:02:42.151803,2026-06-28T21:02:42.544815+00:00,100.4,50,bid,,,11558183
2026-06-29T07:02:42.724979,2026-06-28T21:02:43.115338+00:00,100.0,4,ask,,,11558190
2026-06-29T07:02:42.836480,2026-06-28T21:02:43.225331+00:00,100.1,43,bid,,,11558194
2026-06-29T07:02:42.904710,2026-06-28T21:02:43.302329+00:00,100.0,4,ask,,,11558196
2026-06-29T07:02:43.012268,2026-06-28T21:02:43.401330+00:00,100.0,4,ask,,,11558197
2026-06-29T07:02:43.808300,2026-06-28T21:02:44.204338+00:00,100.1,42,bid,,,11558214
2026-06-29T07:02:44.308395,2026-06-28T21:02:44.699359+00:00,100.0,50,ask,,,11558223
2026-06-29T07:02:45.665499,2026-06-28T21:02:46.063359+00:00,100.1,3,bid,,,11558246
2026-06-29T07:02:45.691185,2026-06-28T21:02:46.085027+00:00,100.1,3,ask,,,11558247
2026-06-29T07:02:45.743072,2026-06-28T21:02:46.140019+00:00,100.1,2,ask,,,11558248
2026-06-29T07:02:47.035547,2026-06-28T21:02:47.426538+00:00,100.1,3,ask,,,11558280
2026-06-29T07:02:47.773401,2026-06-28T21:02:48.163106+00:00,100.1,4,ask,,,11558294
2026-06-29T07:02:48.513999,2026-06-28T21:02:48.911106+00:00,100.1,85,ask,,,11558305
2026-06-29T07:02:48.529112,2026-06-28T21:02:48.922106+00:00,99.4,50,ask,,,11558306
2026-06-29T07:02:50.635775,2026-06-28T21:02:51.023126+00:00,99.6,50,ask,,,11558347
2026-06-29T07:02:52.743669,2026-06-28T21:02:53.133789+00:00,99.7,50,ask,,,11558388
2026-06-29T07:02:54.851500,2026-06-28T21:02:55.245788+00:00,99.5,50,ask,,,11558423
2026-06-29T07:02:55.370494,2026-06-28T21:02:55.762788+00:00,99.4,40,ask,,,11558431
2026-06-29T07:02:56.957844,2026-06-28T21:02:57.346347+00:00,99.4,50,ask,,,11558461
2026-06-29T07:02:57.436753,2026-06-28T21:02:57.829495+00:00,99.4,48,ask,,,11558468
2026-06-29T07:02:58.035834,2026-06-28T21:02:58.423505+00:00,99.3,100,ask,,,11558474
2026-06-29T07:03:01.146677,2026-06-28T21:03:01.536508+00:00,99.3,100,bid,,,11558541
2026-06-29T07:03:03.272439,2026-06-28T21:03:03.670056+00:00,99.3,50,ask,,,11558582
2026-06-29T07:03:04.363171,2026-06-28T21:03:04.758566+00:00,99.4,2,ask,,,11558605
2026-06-29T07:03:04.363171,2026-06-28T21:03:04.758566+00:00,99.3,100,ask,,,11558606
2026-06-29T07:03:07.434541,2026-06-28T21:03:07.825197+00:00,99.6,50,bid,,,11558661
2026-06-29T07:03:07.719070,2026-06-28T21:03:08.111197+00:00,99.4,1,bid,,,11558663
2026-06-29T07:03:09.540322,2026-06-28T21:03:09.936727+00:00,99.4,50,bid,,,11558687
2026-06-29T07:03:11.697359,2026-06-28T21:03:12.091727+00:00,99.3,1,ask,,,11558723
2026-06-29T07:03:11.697359,2026-06-28T21:03:12.091727+00:00,99.0,49,ask,,,11558724
2026-06-29T07:03:13.806421,2026-06-28T21:03:14.203831+00:00,98.9,50,ask,,,11558763
2026-06-29T07:03:15.489498,2026-06-28T21:03:15.889031+00:00,99.3,44,bid,,,11558794
2026-06-29T07:03:15.912214,2026-06-28T21:03:16.306603+00:00,98.9,50,ask,,,11558803
2026-06-29T07:03:16.708307,2026-06-28T21:03:17.098603+00:00,98.9,41,ask,,,11558814
2026-06-29T07:03:17.019883,2026-06-28T21:03:17.417603+00:00,98.8,100,ask,,,11558825
2026-06-29T07:03:22.175529,2026-06-28T21:03:22.563271+00:00,99.1,50,bid,,,11558897
2026-06-29T07:03:23.764067,2026-06-28T21:03:24.158413+00:00,99.2,41,bid,,,11558918
2026-06-29T07:03:25.300685,2026-06-28T21:03:25.698413+00:00,99.2,45,bid,,,11558947
2026-06-29T07:03:26.387203,2026-06-28T21:03:26.785594+00:00,99.2,14,bid,,,11558967
2026-06-29T07:03:26.387203,2026-06-28T21:03:26.785594+00:00,99.3,4,bid,,,11558968
2026-06-29T07:03:26.387203,2026-06-28T21:03:26.785594+00:00,99.3,32,bid,,,11558969
2026-06-29T07:03:28.547725,2026-06-28T21:03:28.940007+00:00,99.2,50,ask,,,11559019
2026-06-29T07:03:29.231869,2026-06-28T21:03:29.621998+00:00,99.3,5,bid,,,11559028
2026-06-29T07:03:30.458425,2026-06-28T21:03:30.854007+00:00,99.0,47,ask,,,11559052
2026-06-29T07:03:30.619347,2026-06-28T21:03:31.019212+00:00,99.3,5,bid,,,11559055
2026-06-29T07:03:30.619347,2026-06-28T21:03:31.019212+00:00,99.4,45,bid,,,11559056
2026-06-29T07:03:30.954059,2026-06-28T21:03:31.348222+00:00,99.0,45,ask,,,11559065
2026-06-29T07:03:32.602782,2026-06-28T21:03:32.996604+00:00,99.3,5,bid,,,11559102
2026-06-29T07:03:32.602782,2026-06-28T21:03:32.996604+00:00,99.4,44,bid,,,11559103
2026-06-29T07:03:32.779852,2026-06-28T21:03:33.172615+00:00,98.9,50,ask,,,11559106
2026-06-29T07:03:32.830846,2026-06-28T21:03:33.227615+00:00,98.9,50,ask,,,11559109
2026-06-29T07:03:33.070802,2026-06-28T21:03:33.458616+00:00,98.7,47,bid,,,11559115
2026-06-29T07:03:34.134727,2026-06-28T21:03:34.524625+00:00,98.7,46,bid,,,11559144
2026-06-29T07:03:34.851384,2026-06-28T21:03:35.250616+00:00,98.7,7,bid,,,11559157
2026-06-29T07:03:34.851384,2026-06-28T21:03:35.250616+00:00,99.0,43,bid,,,11559158
2026-06-29T07:03:36.195047,2026-06-28T21:03:36.592201+00:00,98.9,42,ask,,,11559178
2026-06-29T07:03:36.336189,2026-06-28T21:03:36.724201+00:00,98.9,100,ask,,,11559180
2026-06-29T07:03:36.675658,2026-06-28T21:03:37.065201+00:00,98.9,8,ask,,,11559187
2026-06-29T07:03:36.675658,2026-06-28T21:03:37.065201+00:00,98.4,39,ask,,,11559188
2026-06-29T07:03:36.959490,2026-06-28T21:03:37.351201+00:00,99.2,5,bid,,,11559195
2026-06-29T07:03:36.959490,2026-06-28T21:03:37.351201+00:00,99.4,45,bid,,,11559196
2026-06-29T07:03:39.067731,2026-06-28T21:03:39.460881+00:00,99.2,5,bid,,,11559253
2026-06-29T07:03:41.174654,2026-06-28T21:03:41.572903+00:00,99.0,50,bid,,,11559291
2026-06-29T07:03:41.241874,2026-06-28T21:03:41.638903+00:00,99.0,41,bid,,,11559293
2026-06-29T07:03:42.341518,2026-06-28T21:03:42.738902+00:00,98.9,43,ask,,,11559314
2026-06-29T07:03:43.280142,2026-06-28T21:03:43.673023+00:00,99.2,3,bid,,,11559331
2026-06-29T07:03:43.280142,2026-06-28T21:03:43.673023+00:00,99.2,47,bid,,,11559332
2026-06-29T07:03:43.318234,2026-06-28T21:03:43.717023+00:00,99.2,40,bid,,,11559333
2026-06-29T07:03:45.393059,2026-06-28T21:03:45.784533+00:00,99.2,13,bid,,,11559371
2026-06-29T07:03:47.557540,2026-06-28T21:03:47.951230+00:00,99.1,50,ask,,,11559405
2026-06-29T07:03:49.122267,2026-06-28T21:03:49.513230+00:00,98.9,5,ask,,,11559441
2026-06-29T07:03:49.122267,2026-06-28T21:03:49.513230+00:00,98.8,36,ask,,,11559442
2026-06-29T07:03:49.662919,2026-06-28T21:03:50.052230+00:00,98.8,50,ask,,,11559466
2026-06-29T07:03:50.714027,2026-06-28T21:03:51.107340+00:00,99.3,44,bid,,,11559490
2026-06-29T07:03:51.769232,2026-06-28T21:03:52.160230+00:00,98.8,50,ask,,,11559511
2026-06-29T07:03:53.874449,2026-06-28T21:03:54.271443+00:00,99.0,4,ask,,,11559551
2026-06-29T07:03:53.874449,2026-06-28T21:03:54.271443+00:00,98.8,46,ask,,,11559552
2026-06-29T07:03:55.984736,2026-06-28T21:03:56.382995+00:00,98.7,50,ask,,,11559594
2026-06-29T07:03:55.990174,2026-06-28T21:03:56.382995+00:00,98.7,46,ask,,,11559595
2026-06-29T07:03:56.625001,2026-06-28T21:03:57.021003+00:00,99.2,41,bid,,,11559610
2026-06-29T07:03:58.091402,2026-06-28T21:03:58.481604+00:00,98.7,50,ask,,,11559622
2026-06-29T07:03:58.680110,2026-06-28T21:03:59.074723+00:00,98.9,3,bid,,,11559633
2026-06-29T07:03:59.098461,2026-06-28T21:03:59.492123+00:00,98.9,3,bid,,,11559642
2026-06-29T07:03:59.149922,2026-06-28T21:03:59.547123+00:00,98.9,48,bid,,,11559645
2026-06-29T07:03:59.154998,2026-06-28T21:03:59.547123+00:00,98.9,3,bid,,,11559646
2026-06-29T07:04:00.198746,2026-06-28T21:04:00.592123+00:00,98.4,50,ask,,,11559669
2026-06-29T07:04:01.299405,2026-06-28T21:04:01.692132+00:00,98.7,41,ask,,,11559700
2026-06-29T07:04:02.305712,2026-06-28T21:04:02.703241+00:00,98.7,50,ask,,,11559708
2026-06-29T07:04:04.411391,2026-06-28T21:04:04.802540+00:00,98.8,6,ask,,,11559754
2026-06-29T07:04:04.411391,2026-06-28T21:04:04.802540+00:00,98.7,44,ask,,,11559755
2026-06-29T07:04:06.517581,2026-06-28T21:04:06.914569+00:00,98.8,5,ask,,,11559795
2026-06-29T07:04:06.517581,2026-06-28T21:04:06.914569+00:00,98.7,45,ask,,,11559796
2026-06-29T07:04:07.122854,2026-06-28T21:04:07.519569+00:00,99.0,43,bid,,,11559809
2026-06-29T07:04:08.626618,2026-06-28T21:04:09.015139+00:00,98.8,6,ask,,,11559833
2026-06-29T07:04:08.626618,2026-06-28T21:04:09.026138+00:00,98.6,44,ask,,,11559834
2026-06-29T07:04:10.833735,2026-06-28T21:04:11.225667+00:00,98.7,48,ask,,,11559855
2026-06-29T07:04:12.787507,2026-06-28T21:04:13.183564+00:00,99.0,50,bid,,,11559890
2026-06-29T07:04:13.084446,2026-06-28T21:04:13.480573+00:00,99.0,49,bid,,,11559894
2026-06-29T07:04:14.894097,2026-06-28T21:04:15.283091+00:00,99.0,50,bid,,,11559916
2026-06-29T07:04:19.103886,2026-06-28T21:04:19.495565+00:00,99.1,50,bid,,,11559980
2026-06-29T07:04:21.425508,2026-06-28T21:04:21.816075+00:00,98.7,6,ask,,,11560024
2026-06-29T07:04:21.425508,2026-06-28T21:04:21.816075+00:00,98.6,43,ask,,,11560025
2026-06-29T07:04:22.397537,2026-06-28T21:04:22.795191+00:00,99.0,49,bid,,,11560047
2026-06-29T07:04:22.450688,2026-06-28T21:04:22.839183+00:00,98.6,44,ask,,,11560048
2026-06-29T07:04:23.314431,2026-06-28T21:04:23.708191+00:00,99.0,50,bid,,,11560058
2026-06-29T07:04:23.454041,2026-06-28T21:04:23.851182+00:00,98.8,48,bid,,,11560060
2026-06-29T07:04:23.724068,2026-06-28T21:04:24.115192+00:00,98.8,100,bid,,,11560068
2026-06-29T07:04:25.420009,2026-06-28T21:04:25.809192+00:00,98.8,2,bid,,,11560097
2026-06-29T07:04:25.420009,2026-06-28T21:04:25.820192+00:00,99.3,48,bid,,,11560098
2026-06-29T07:04:26.219004,2026-06-28T21:04:26.622312+00:00,98.7,6,ask,,,11560110
2026-06-29T07:04:26.219004,2026-06-28T21:04:26.622312+00:00,98.3,39,ask,,,11560111
2026-06-29T07:04:27.527977,2026-06-28T21:04:27.920467+00:00,99.1,50,bid,,,11560142
2026-06-29T07:04:29.283903,2026-06-28T21:04:29.679585+00:00,98.8,7,ask,,,11560169
2026-06-29T07:04:29.283903,2026-06-28T21:04:29.679585+00:00,98.7,38,ask,,,11560170
2026-06-29T07:04:29.633409,2026-06-28T21:04:30.031466+00:00,99.1,50,bid,,,11560177
2026-06-29T07:04:29.872644,2026-06-28T21:04:30.261585+00:00,98.6,44,ask,,,11560181
2026-06-29T07:04:31.741511,2026-06-28T21:04:32.131475+00:00,98.9,50,bid,,,11560212
2026-06-29T07:04:33.900824,2026-06-28T21:04:34.298572+00:00,98.7,6,ask,,,11560260
2026-06-29T07:04:33.900824,2026-06-28T21:04:34.298572+00:00,98.6,44,ask,,,11560261
2026-06-29T07:04:34.009398,2026-06-28T21:04:34.397572+00:00,99.1,48,bid,,,11560263
2026-06-29T07:04:36.009863,2026-06-28T21:04:36.399093+00:00,98.6,50,ask,,,11560313
2026-06-29T07:04:37.147004,2026-06-28T21:04:37.543102+00:00,98.7,47,bid,,,11560331
2026-06-29T07:04:38.064701,2026-06-28T21:04:38.454741+00:00,98.7,50,bid,,,11560351
2026-06-29T07:04:40.173805,2026-06-28T21:04:40.564851+00:00,98.7,50,bid,,,11560393
2026-06-29T07:04:40.288483,2026-06-28T21:04:40.685851+00:00,98.4,45,ask,,,11560397
2026-06-29T07:04:40.910774,2026-06-28T21:04:41.301732+00:00,98.7,42,bid,,,11560416
2026-06-29T07:04:41.499142,2026-06-28T21:04:41.895742+00:00,98.4,44,ask,,,11560428
2026-06-29T07:04:42.295168,2026-06-28T21:04:42.686851+00:00,98.7,50,bid,,,11560443
2026-06-29T07:04:42.393535,2026-06-28T21:04:42.795948+00:00,98.9,100,bid,,,11560447
2026-06-29T07:04:44.405344,2026-06-28T21:04:44.797419+00:00,99.0,5,bid,,,11560489
2026-06-29T07:04:44.405344,2026-06-28T21:04:44.797419+00:00,99.0,45,bid,,,11560490
2026-06-29T07:04:44.789937,2026-06-28T21:04:45.181928+00:00,98.9,43,ask,,,11560496
2026-06-29T07:04:44.888350,2026-06-28T21:04:45.280928+00:00,98.9,5,ask,,,11560498
2026-06-29T07:04:45.451776,2026-06-28T21:04:45.841937+00:00,98.9,2,ask,,,11560508
2026-06-29T07:04:46.203148,2026-06-28T21:04:46.600506+00:00,98.7,43,bid,,,11560518
2026-06-29T07:04:46.516504,2026-06-28T21:04:46.908515+00:00,98.7,50,bid,,,11560525
2026-06-29T07:04:48.298224,2026-06-28T21:04:48.689780+00:00,98.4,47,ask,,,11560560
2026-06-29T07:04:50.952774,2026-06-28T21:04:51.351290+00:00,98.7,45,bid,,,11560604
2026-06-29T07:04:52.829024,2026-06-28T21:04:53.219864+00:00,98.9,3,bid,,,11560634
2026-06-29T07:04:52.829024,2026-06-28T21:04:53.219864+00:00,99.0,47,bid,,,11560635
2026-06-29T07:04:54.181729,2026-06-28T21:04:54.583974+00:00,98.6,45,ask,,,11560657
2026-06-29T07:04:55.304726,2026-06-28T21:04:55.705974+00:00,98.9,5,bid,,,11560685
2026-06-29T07:04:55.304726,2026-06-28T21:04:55.705974+00:00,98.9,40,bid,,,11560686
2026-06-29T07:04:57.039384,2026-06-28T21:04:57.431302+00:00,98.9,50,bid,,,11560717
2026-06-29T07:04:57.366252,2026-06-28T21:04:57.771953+00:00,98.9,45,bid,,,11560727
2026-06-29T07:04:58.196256,2026-06-28T21:04:58.595486+00:00,98.9,5,bid,,,11560736
2026-06-29T07:04:58.196256,2026-06-28T21:04:58.595486+00:00,99.2,100,bid,,,11560737
2026-06-29T07:04:58.305667,2026-06-28T21:04:58.694496+00:00,99.2,5,ask,,,11560738
2026-06-29T07:04:58.408485,2026-06-28T21:04:58.804495+00:00,99.2,40,ask,,,11560744
2026-06-29T07:04:58.531209,2026-06-28T21:04:58.925495+00:00,98.9,5,bid,,,11560751
2026-06-29T07:04:59.147487,2026-06-28T21:04:59.541487+00:00,99.7,50,bid,,,11560768
2026-06-29T07:05:01.255783,2026-06-28T21:05:01.653372+00:00,99.7,50,bid,,,11560812
2026-06-29T07:05:01.441685,2026-06-28T21:05:01.840372+00:00,99.2,41,ask,,,11560817
2026-06-29T07:05:03.363693,2026-06-28T21:05:03.753077+00:00,99.4,50,bid,,,11560856
2026-06-29T07:05:03.977606,2026-06-28T21:05:04.369076+00:00,99.4,49,bid,,,11560870
2026-06-29T07:05:05.390795,2026-06-28T21:05:05.787612+00:00,99.4,25,ask,,,11560887
2026-06-29T07:05:05.469244,2026-06-28T21:05:05.864612+00:00,99.6,50,bid,,,11560889
2026-06-29T07:05:05.600979,2026-06-28T21:05:05.996612+00:00,99.4,25,ask,,,11560892
2026-06-29T07:05:05.813105,2026-06-28T21:05:06.205169+00:00,99.4,25,ask,,,11560896
2026-06-29T07:05:06.026845,2026-06-28T21:05:06.425169+00:00,99.4,25,ask,,,11560908
2026-06-29T07:05:06.236339,2026-06-28T21:05:06.634160+00:00,99.4,25,ask,,,11560912
2026-06-29T07:05:06.448616,2026-06-28T21:05:06.843279+00:00,99.4,25,ask,,,11560916
2026-06-29T07:05:07.627333,2026-06-28T21:05:08.018826+00:00,99.1,50,ask,,,11560946
2026-06-29T07:05:09.683508,2026-06-28T21:05:10.075855+00:00,99.2,50,bid,,,11560994
2026-06-29T07:05:10.678397,2026-06-28T21:05:11.075483+00:00,99.2,25,bid,,,11561024
2026-06-29T07:05:11.488047,2026-06-28T21:05:11.878374+00:00,99.3,1,bid,,,11561039
2026-06-29T07:05:11.985776,2026-06-28T21:05:12.384374+00:00,99.2,43,ask,,,11561050
2026-06-29T07:05:14.199377,2026-06-28T21:05:14.591054+00:00,99.2,45,ask,,,11561083
2026-06-29T07:05:15.998940,2026-06-28T21:05:16.393512+00:00,99.3,1,bid,,,11561102
2026-06-29T07:05:15.998940,2026-06-28T21:05:16.393512+00:00,99.3,49,bid,,,11561103
2026-06-29T07:05:18.158219,2026-06-28T21:05:18.548043+00:00,99.0,4,ask,,,11561139
2026-06-29T07:05:18.158219,2026-06-28T21:05:18.548043+00:00,99.0,46,ask,,,11561140
2026-06-29T07:05:18.510921,2026-06-28T21:05:18.900034+00:00,99.3,46,bid,,,11561150
2026-06-29T07:05:20.264799,2026-06-28T21:05:20.659153+00:00,99.0,50,ask,,,11561193
2026-06-29T07:05:20.720731,2026-06-28T21:05:21.110043+00:00,99.2,100,ask,,,11561198
2026-06-29T07:05:20.872305,2026-06-28T21:05:21.264043+00:00,99.2,41,ask,,,11561203
2026-06-29T07:05:22.321443,2026-06-28T21:05:22.719043+00:00,99.3,3,bid,,,11561232
2026-06-29T07:05:22.321443,2026-06-28T21:05:22.719043+00:00,99.7,47,bid,,,11561233
2026-06-29T07:05:24.501532,2026-06-28T21:05:24.896571+00:00,99.0,3,ask,,,11561284
2026-06-29T07:05:24.501532,2026-06-28T21:05:24.896571+00:00,99.0,47,ask,,,11561285
2026-06-29T07:05:26.557348,2026-06-28T21:05:26.953170+00:00,99.4,50,bid,,,11561328
2026-06-29T07:05:27.166478,2026-06-28T21:05:27.558179+00:00,99.2,46,bid,,,11561341
2026-06-29T07:05:27.723888,2026-06-28T21:05:28.117891+00:00,99.0,44,ask,,,11561358
2026-06-29T07:05:28.276793,2026-06-28T21:05:28.667891+00:00,99.2,48,bid,,,11561370
2026-06-29T07:05:29.633704,2026-06-28T21:05:30.031895+00:00,99.0,43,ask,,,11561398
2026-06-29T07:05:30.130936,2026-06-28T21:05:30.526905+00:00,99.1,25,bid,,,11561407
2026-06-29T07:05:30.250409,2026-06-28T21:05:30.647905+00:00,99.1,42,bid,,,11561412
2026-06-29T07:05:30.340080,2026-06-28T21:05:30.735904+00:00,99.1,25,bid,,,11561417
2026-06-29T07:05:30.548288,2026-06-28T21:05:30.944896+00:00,99.1,25,bid,,,11561430
2026-06-29T07:05:30.758493,2026-06-28T21:05:31.153896+00:00,99.1,25,bid,,,11561434
2026-06-29T07:05:30.773612,2026-06-28T21:05:31.164895+00:00,99.1,8,bid,,,11561435
2026-06-29T07:05:34.545540,2026-06-28T21:05:34.936082+00:00,99.2,47,ask,,,11561503
2026-06-29T07:05:35.034706,2026-06-28T21:05:35.431200+00:00,99.2,50,ask,,,11561517
2026-06-29T07:05:35.984063,2026-06-28T21:05:36.376262+00:00,99.2,46,ask,,,11561540
2026-06-29T07:05:36.228146,2026-06-28T21:05:36.618245+00:00,99.0,1,ask,,,11561546
2026-06-29T07:05:37.108535,2026-06-28T21:05:37.497391+00:00,99.0,44,bid,,,11561575
2026-06-29T07:05:37.141764,2026-06-28T21:05:37.530392+00:00,98.9,50,ask,,,11561577
2026-06-29T07:05:38.019340,2026-06-28T21:05:38.410058+00:00,98.9,44,ask,,,11561596
2026-06-29T07:05:39.252919,2026-06-28T21:05:39.653071+00:00,98.9,6,ask,,,11561618
2026-06-29T07:05:39.252919,2026-06-28T21:05:39.653071+00:00,98.5,44,ask,,,11561619
2026-06-29T07:05:41.310567,2026-06-28T21:05:41.699080+00:00,98.8,50,bid,,,11561655
2026-06-29T07:05:43.457158,2026-06-28T21:05:43.853772+00:00,98.8,48,bid,,,11561695
2026-06-29T07:05:43.472363,2026-06-28T21:05:43.864772+00:00,98.5,50,ask,,,11561697
2026-06-29T07:05:43.969202,2026-06-28T21:05:44.359772+00:00,98.8,42,bid,,,11561708
2026-06-29T07:05:45.012795,2026-06-28T21:05:45.404772+00:00,98.5,44,ask,,,11561735
2026-06-29T07:05:45.581321,2026-06-28T21:05:45.976780+00:00,98.5,6,ask,,,11561746
2026-06-29T07:05:45.581321,2026-06-28T21:05:45.976780+00:00,98.3,44,ask,,,11561747
2026-06-29T07:05:47.688441,2026-06-28T21:05:48.077692+00:00,98.8,50,ask,,,11561787
2026-06-29T07:05:49.795844,2026-06-28T21:05:50.188202+00:00,98.4,50,ask,,,11561833
2026-06-29T07:05:50.702464,2026-06-28T21:05:51.101211+00:00,98.8,46,bid,,,11561851
2026-06-29T07:05:51.273846,2026-06-28T21:05:51.662211+00:00,98.4,41,ask,,,11561860
2026-06-29T07:05:54.006028,2026-06-28T21:05:54.398853+00:00,98.5,50,ask,,,11561909
2026-06-29T07:05:55.210185,2026-06-28T21:05:55.606972+00:00,98.5,50,ask,,,11561946
2026-06-29T07:05:56.111198,2026-06-28T21:05:56.508189+00:00,98.5,47,bid,,,11561966
2026-06-29T07:05:56.120266,2026-06-28T21:05:56.519189+00:00,98.1,50,ask,,,11561968
2026-06-29T07:05:57.168618,2026-06-28T21:05:57.563189+00:00,98.5,49,bid,,,11561984
2026-06-29T07:05:57.218489,2026-06-28T21:05:57.607189+00:00,98.5,4,bid,,,11561988
2026-06-29T07:05:58.227445,2026-06-28T21:05:58.618863+00:00,98.1,50,ask,,,11562008
2026-06-29T07:05:58.667694,2026-06-28T21:05:59.058863+00:00,98.5,100,ask,,,11562013
2026-06-29T07:06:00.337607,2026-06-28T21:06:00.729973+00:00,98.5,50,ask,,,11562047
2026-06-29T07:06:02.443405,2026-06-28T21:06:02.841249+00:00,97.9,50,ask,,,11562083
2026-06-29T07:06:02.463310,2026-06-28T21:06:02.852250+00:00,97.9,47,ask,,,11562084
2026-06-29T07:06:03.612360,2026-06-28T21:06:04.007139+00:00,98.4,48,bid,,,11562108
2026-06-29T07:06:04.548613,2026-06-28T21:06:04.941249+00:00,97.9,50,ask,,,11562124
2026-06-29T07:06:04.700466,2026-06-28T21:06:05.095249+00:00,97.9,100,ask,,,11562128
2026-06-29T07:06:06.371995,2026-06-28T21:06:06.766691+00:00,97.7,46,bid,,,11562150
2026-06-29T07:06:06.445500,2026-06-28T21:06:06.843691+00:00,97.7,4,bid,,,11562156
2026-06-29T07:06:06.654883,2026-06-28T21:06:07.052810+00:00,97.4,50,ask,,,11562157
2026-06-29T07:06:07.810152,2026-06-28T21:06:08.206278+00:00,97.9,100,bid,,,11562180
2026-06-29T07:06:07.857443,2026-06-28T21:06:08.250279+00:00,98.4,5,bid,,,11562182
2026-06-29T07:06:08.050387,2026-06-28T21:06:08.448169+00:00,97.9,42,ask,,,11562185
2026-06-29T07:06:08.608563,2026-06-28T21:06:08.998279+00:00,98.1,45,bid,,,11562204
2026-06-29T07:06:08.765072,2026-06-28T21:06:09.163169+00:00,97.9,8,ask,,,11562214
2026-06-29T07:06:08.765072,2026-06-28T21:06:09.163169+00:00,97.6,42,ask,,,11562215
2026-06-29T07:06:10.706592,2026-06-28T21:06:11.098279+00:00,97.6,45,ask,,,11562249
2026-06-29T07:06:10.874583,2026-06-28T21:06:11.263170+00:00,97.6,13,ask,,,11562252
2026-06-29T07:06:11.101803,2026-06-28T21:06:11.494279+00:00,97.8,1,bid,,,11562257
2026-06-29T07:06:11.511783,2026-06-28T21:06:11.901279+00:00,97.8,8,bid,,,11562278
2026-06-29T07:06:11.693011,2026-06-28T21:06:12.088279+00:00,97.4,46,ask,,,11562283
2026-06-29T07:06:12.260784,2026-06-28T21:06:12.649160+00:00,97.8,41,bid,,,11562293
2026-06-29T07:06:12.982334,2026-06-28T21:06:13.374009+00:00,97.4,50,ask,,,11562322
2026-06-29T07:06:14.306100,2026-06-28T21:06:14.704519+00:00,97.5,47,ask,,,11562361
2026-06-29T07:06:14.768349,2026-06-28T21:06:15.166637+00:00,97.7,45,bid,,,11562369
2026-06-29T07:06:17.198944,2026-06-28T21:06:17.596078+00:00,97.5,50,ask,,,11562416
2026-06-29T07:06:17.511636,2026-06-28T21:06:17.903750+00:00,97.6,42,bid,,,11562427
2026-06-29T07:06:18.057446,2026-06-28T21:06:18.453750+00:00,97.6,43,bid,,,11562435
2026-06-29T07:06:18.609485,2026-06-28T21:06:19.003749+00:00,97.6,3,bid,,,11562438
2026-06-29T07:06:19.306667,2026-06-28T21:06:19.696334+00:00,97.3,50,ask,,,11562449
2026-06-29T07:06:21.415463,2026-06-28T21:06:21.810334+00:00,97.6,50,ask,,,11562493
2026-06-29T07:06:21.962276,2026-06-28T21:06:22.360333+00:00,97.6,45,ask,,,11562499
2026-06-29T07:06:22.440277,2026-06-28T21:06:22.832008+00:00,97.6,43,ask,,,11562509
2026-06-29T07:06:23.523638,2026-06-28T21:06:23.921008+00:00,97.6,12,ask,,,11562532
2026-06-29T07:06:23.523638,2026-06-28T21:06:23.921008+00:00,97.3,38,ask,,,11562533
2026-06-29T07:06:25.631371,2026-06-28T21:06:26.021533+00:00,97.2,50,ask,,,11562568
2026-06-29T07:06:26.064937,2026-06-28T21:06:26.461076+00:00,97.5,47,bid,,,11562577
2026-06-29T07:06:27.641309,2026-06-28T21:06:28.033642+00:00,97.5,49,bid,,,11562605
2026-06-29T07:06:27.737467,2026-06-28T21:06:28.132641+00:00,97.2,50,ask,,,11562606
2026-06-29T07:06:29.804237,2026-06-28T21:06:30.200642+00:00,97.5,50,bid,,,11562640
2026-06-29T07:06:29.957574,2026-06-28T21:06:30.354642+00:00,97.5,1,bid,,,11562651
2026-06-29T07:06:31.916886,2026-06-28T21:06:32.312652+00:00,97.6,50,bid,,,11562690
2026-06-29T07:06:33.892981,2026-06-28T21:06:34.292220+00:00,97.4,46,ask,,,11562728
2026-06-29T07:06:34.027400,2026-06-28T21:06:34.424220+00:00,97.8,50,bid,,,11562732
2026-06-29T07:06:34.449750,2026-06-28T21:06:34.842220+00:00,97.4,48,ask,,,11562750
2026-06-29T07:06:36.134685,2026-06-28T21:06:36.524802+00:00,97.8,50,bid,,,11562771
2026-06-29T07:06:36.657960,2026-06-28T21:06:37.052802+00:00,97.5,100,ask,,,11562777
2026-06-29T07:06:38.054999,2026-06-28T21:06:38.448483+00:00,97.7,3,bid,,,11562813
2026-06-29T07:06:38.054999,2026-06-28T21:06:38.448483+00:00,98.0,38,bid,,,11562814
2026-06-29T07:06:38.239496,2026-06-28T21:06:38.635492+00:00,97.7,3,bid,,,11562818
2026-06-29T07:06:38.239496,2026-06-28T21:06:38.635492+00:00,98.0,47,bid,,,11562819
2026-06-29T07:06:38.703609,2026-06-28T21:06:39.097504+00:00,97.7,3,bid,,,11562826
2026-06-29T07:06:39.277345,2026-06-28T21:06:39.668623+00:00,97.5,43,ask,,,11562834
2026-06-29T07:06:40.348019,2026-06-28T21:06:40.746513+00:00,97.7,3,bid,,,11562851
2026-06-29T07:06:40.348019,2026-06-28T21:06:40.746513+00:00,97.8,47,bid,,,11562852
2026-06-29T07:06:40.776632,2026-06-28T21:06:41.175525+00:00,97.7,3,bid,,,11562857
2026-06-29T07:06:40.776632,2026-06-28T21:06:41.175525+00:00,97.8,46,bid,,,11562858
2026-06-29T07:06:42.457443,2026-06-28T21:06:42.845812+00:00,97.7,2,bid,,,11562883
2026-06-29T07:06:42.457443,2026-06-28T21:06:42.856812+00:00,97.8,48,bid,,,11562884
2026-06-29T07:06:42.619102,2026-06-28T21:06:43.010803+00:00,97.8,100,bid,,,11562885
2026-06-29T07:06:42.619102,2026-06-28T21:06:43.010803+00:00,97.8,2,bid,,,11562886
2026-06-29T07:06:42.646502,2026-06-28T21:06:43.043803+00:00,97.8,2,ask,,,11562889
2026-06-29T07:06:42.731090,2026-06-28T21:06:43.120803+00:00,97.8,2,ask,,,11562895
2026-06-29T07:06:43.801904,2026-06-28T21:06:44.198802+00:00,97.8,43,ask,,,11562913
2026-06-29T07:06:44.348762,2026-06-28T21:06:44.737811+00:00,97.8,1,ask,,,11562932
2026-06-29T07:06:44.348762,2026-06-28T21:06:44.748811+00:00,97.5,45,ask,,,11562933
2026-06-29T07:06:44.613999,2026-06-28T21:06:45.012811+00:00,97.5,50,ask,,,11562936
2026-06-29T07:06:46.668324,2026-06-28T21:06:47.057378+00:00,97.6,50,bid,,,11562971
2026-06-29T07:06:47.132278,2026-06-28T21:06:47.530387+00:00,97.6,42,bid,,,11562982
2026-06-29T07:06:48.313280,2026-06-28T21:06:48.706469+00:00,97.4,2,ask,,,11563006
2026-06-29T07:06:48.776562,2026-06-28T21:06:49.168478+00:00,97.6,50,bid,,,11563026
2026-06-29T07:06:48.791192,2026-06-28T21:06:49.190478+00:00,97.6,8,bid,,,11563027
2026-06-29T07:06:48.791192,2026-06-28T21:06:49.190478+00:00,97.6,35,bid,,,11563028
2026-06-29T07:06:48.941335,2026-06-28T21:06:49.333478+00:00,97.6,65,bid,,,11563032
2026-06-29T07:06:50.882631,2026-06-28T21:06:51.280469+00:00,98.2,50,bid,,,11563056
2026-06-29T07:06:52.988686,2026-06-28T21:06:53.380141+00:00,97.9,50,bid,,,11563105
2026-06-29T07:06:55.147192,2026-06-28T21:06:55.536152+00:00,97.6,50,ask,,,11563143
2026-06-29T07:06:55.161649,2026-06-28T21:06:55.558152+00:00,97.6,48,ask,,,11563144
2026-06-29T07:06:56.324717,2026-06-28T21:06:56.723233+00:00,97.8,43,ask,,,11563169
2026-06-29T07:06:57.202956,2026-06-28T21:06:57.592233+00:00,97.9,50,bid,,,11563186
2026-06-29T07:06:57.894818,2026-06-28T21:06:58.283933+00:00,97.9,41,bid,,,11563200
2026-06-29T07:06:59.310235,2026-06-28T21:06:59.703024+00:00,98.1,50,bid,,,11563219
2026-06-29T07:07:01.416216,2026-06-28T21:07:01.814549+00:00,98.0,2,bid,,,11563250
2026-06-29T07:07:01.416216,2026-06-28T21:07:01.814549+00:00,98.1,48,bid,,,11563251
2026-06-29T07:07:01.629813,2026-06-28T21:07:02.023548+00:00,98.0,3,bid,,,11563255
2026-06-29T07:07:01.761351,2026-06-28T21:07:02.155557+00:00,98.0,3,ask,,,11563256
2026-06-29T07:07:01.996163,2026-06-28T21:07:02.386557+00:00,98.0,3,ask,,,11563262
2026-06-29T07:07:02.107255,2026-06-28T21:07:02.496557+00:00,98.0,3,ask,,,11563263
2026-06-29T07:07:03.576201,2026-06-28T21:07:03.970115+00:00,98.0,50,ask,,,11563282
2026-06-29T07:07:05.630551,2026-06-28T21:07:06.027136+00:00,98.1,50,bid,,,11563321
2026-06-29T07:07:07.737421,2026-06-28T21:07:08.126388+00:00,98.1,50,bid,,,11563372
2026-06-29T07:07:07.950941,2026-06-28T21:07:08.346388+00:00,98.1,100,bid,,,11563373
2026-06-29T07:07:07.950941,2026-06-28T21:07:08.346388+00:00,98.1,2,bid,,,11563374
2026-06-29T07:07:09.280345,2026-06-28T21:07:09.677388+00:00,98.1,40,ask,,,11563396
2026-06-29T07:07:09.491996,2026-06-28T21:07:09.886388+00:00,98.1,3,ask,,,11563401
2026-06-29T07:07:09.607125,2026-06-28T21:07:10.007388+00:00,98.1,3,ask,,,11563404
2026-06-29T07:07:09.726254,2026-06-28T21:07:10.117380+00:00,98.1,2,ask,,,11563405
2026-06-29T07:07:09.821455,2026-06-28T21:07:10.216388+00:00,98.1,1,bid,,,11563409
2026-06-29T07:07:09.821455,2026-06-28T21:07:10.216388+00:00,98.5,48,bid,,,11563410
2026-06-29T07:07:09.846052,2026-06-28T21:07:10.249388+00:00,98.5,50,bid,,,11563416
2026-06-29T07:07:09.876224,2026-06-28T21:07:10.271388+00:00,98.0,46,ask,,,11563418
2026-06-29T07:07:11.046919,2026-06-28T21:07:11.447922+00:00,98.2,3,bid,,,11563432
2026-06-29T07:07:11.046919,2026-06-28T21:07:11.447922+00:00,98.5,2,bid,,,11563433
2026-06-29T07:07:11.046919,2026-06-28T21:07:11.447922+00:00,98.6,41,bid,,,11563434
2026-06-29T07:07:11.102987,2026-06-28T21:07:11.491922+00:00,98.0,41,ask,,,11563435
2026-06-29T07:07:11.952175,2026-06-28T21:07:12.349921+00:00,98.2,50,bid,,,11563459
2026-06-29T07:07:13.154364,2026-06-28T21:07:13.548490+00:00,98.1,46,ask,,,11563477
2026-06-29T07:07:14.112784,2026-06-28T21:07:14.505500+00:00,98.1,50,ask,,,11563489
2026-06-29T07:07:16.166356,2026-06-28T21:07:16.562066+00:00,98.1,50,bid,,,11563516
2026-06-29T07:07:16.477199,2026-06-28T21:07:16.881066+00:00,98.1,42,bid,,,11563528
2026-06-29T07:07:18.336317,2026-06-28T21:07:18.727295+00:00,98.0,50,ask,,,11563561
2026-06-29T07:07:19.099180,2026-06-28T21:07:19.497296+00:00,98.0,42,ask,,,11563580
2026-06-29T07:07:20.442876,2026-06-28T21:07:20.839315+00:00,98.0,8,ask,,,11563604
2026-06-29T07:07:20.442876,2026-06-28T21:07:20.839315+00:00,97.9,42,ask,,,11563605
2026-06-29T07:07:20.460938,2026-06-28T21:07:20.850316+00:00,98.2,1,bid,,,11563607
2026-06-29T07:07:21.190723,2026-06-28T21:07:21.587316+00:00,98.0,43,bid,,,11563622
2026-06-29T07:07:22.203343,2026-06-28T21:07:22.599315+00:00,98.0,40,bid,,,11563642
2026-06-29T07:07:22.498618,2026-06-28T21:07:22.895408+00:00,98.0,50,bid,,,11563652
2026-06-29T07:07:22.829239,2026-06-28T21:07:23.225408+00:00,97.5,42,ask,,,11563653
2026-06-29T07:07:23.766973,2026-06-28T21:07:24.160408+00:00,98.0,100,bid,,,11563670
2026-06-29T07:07:23.766973,2026-06-28T21:07:24.171408+00:00,98.2,1,bid,,,11563671
2026-06-29T07:07:24.604891,2026-06-28T21:07:24.996408+00:00,98.6,50,bid,,,11563694
2026-06-29T07:07:25.533685,2026-06-28T21:07:25.931407+00:00,98.6,42,bid,,,11563714
2026-06-29T07:07:26.712850,2026-06-28T21:07:27.107960+00:00,98.6,8,bid,,,11563742
2026-06-29T07:07:26.712850,2026-06-28T21:07:27.107960+00:00,98.7,42,bid,,,11563743
2026-06-29T07:07:27.203359,2026-06-28T21:07:27.602959+00:00,98.3,100,bid,,,11563751
2026-06-29T07:07:28.354362,2026-06-28T21:07:28.745634+00:00,97.9,1,ask,,,11563766
2026-06-29T07:07:28.354362,2026-06-28T21:07:28.745634+00:00,97.8,48,ask,,,11563767
2026-06-29T07:07:28.836047,2026-06-28T21:07:29.229633+00:00,98.3,50,bid,,,11563774
2026-06-29T07:07:29.923036,2026-06-28T21:07:30.318634+00:00,97.8,46,ask,,,11563787
2026-06-29T07:07:30.942502,2026-06-28T21:07:31.341634+00:00,98.4,50,bid,,,11563815
2026-06-29T07:07:33.048885,2026-06-28T21:07:33.442183+00:00,98.3,3,bid,,,11563850
2026-06-29T07:07:33.048885,2026-06-28T21:07:33.442183+00:00,98.4,47,bid,,,11563851
2026-06-29T07:07:35.157878,2026-06-28T21:07:35.554203+00:00,98.3,50,bid,,,11563894
2026-06-29T07:07:37.263670,2026-06-28T21:07:37.654307+00:00,98.4,1,bid,,,11563933
2026-06-29T07:07:37.263670,2026-06-28T21:07:37.665308+00:00,98.6,49,bid,,,11563934
2026-06-29T07:07:37.530855,2026-06-28T21:07:37.928554+00:00,98.1,43,ask,,,11563941
2026-06-29T07:07:39.371442,2026-06-28T21:07:39.765574+00:00,98.4,1,bid,,,11563967
2026-06-29T07:07:39.371442,2026-06-28T21:07:39.765574+00:00,98.6,49,bid,,,11563968
2026-06-29T07:07:39.583492,2026-06-28T21:07:39.974574+00:00,98.4,1,bid,,,11563973
2026-06-29T07:07:41.479282,2026-06-28T21:07:41.877108+00:00,98.7,50,bid,,,11564007
2026-06-29T07:07:41.739095,2026-06-28T21:07:42.130108+00:00,98.7,44,bid,,,11564020
2026-06-29T07:07:42.199350,2026-06-28T21:07:42.594099+00:00,98.7,6,bid,,,11564032
2026-06-29T07:07:42.199350,2026-06-28T21:07:42.594099+00:00,98.9,41,bid,,,11564033
2026-06-29T07:07:42.725610,2026-06-28T21:07:43.122105+00:00,98.6,1,bid,,,11564044
2026-06-29T07:07:43.639442,2026-06-28T21:07:44.035105+00:00,98.7,50,ask,,,11564063
2026-06-29T07:07:45.746724,2026-06-28T21:07:46.136146+00:00,98.7,50,ask,,,11564104
2026-06-29T07:07:47.612446,2026-06-28T21:07:48.004254+00:00,98.7,40,ask,,,11564139
2026-06-29T07:07:47.851968,2026-06-28T21:07:48.246245+00:00,98.7,50,ask,,,11564142
2026-06-29T07:07:49.958333,2026-06-28T21:07:50.356789+00:00,98.5,50,ask,,,11564180
2026-06-29T07:07:52.014413,2026-06-28T21:07:52.413809+00:00,98.9,50,bid,,,11564217
2026-06-29T07:07:52.416852,2026-06-28T21:07:52.808948+00:00,98.8,41,ask,,,11564225
2026-06-29T07:07:54.122486,2026-06-28T21:07:54.513948+00:00,99.1,50,bid,,,11564254
2026-06-29T07:07:54.652261,2026-06-28T21:07:55.052948+00:00,99.1,44,bid,,,11564261
2026-06-29T07:07:56.228428,2026-06-28T21:07:56.625520+00:00,99.0,50,bid,,,11564277
2026-06-29T07:07:58.387923,2026-06-28T21:07:58.779729+00:00,98.7,50,ask,,,11564320
2026-06-29T07:07:59.384522,2026-06-28T21:07:59.780737+00:00,99.0,3,bid,,,11564339
2026-06-29T07:07:59.384522,2026-06-28T21:07:59.780737+00:00,99.2,43,bid,,,11564340
2026-06-29T07:08:00.495980,2026-06-28T21:08:00.891588+00:00,98.9,50,ask,,,11564371
2026-06-29T07:08:01.476490,2026-06-28T21:08:01.870588+00:00,98.9,43,ask,,,11564401
2026-06-29T07:08:02.487868,2026-06-28T21:08:02.881661+00:00,98.7,46,ask,,,11564415
2026-06-29T07:08:02.601783,2026-06-28T21:08:02.991661+00:00,98.7,50,ask,,,11564421
2026-06-29T07:08:03.061285,2026-06-28T21:08:03.453661+00:00,98.9,48,bid,,,11564433
2026-06-29T07:08:03.665751,2026-06-28T21:08:04.058661+00:00,98.9,41,bid,,,11564441
2026-06-29T07:08:04.708619,2026-06-28T21:08:05.103661+00:00,98.7,4,ask,,,11564457
2026-06-29T07:08:04.708619,2026-06-28T21:08:05.103661+00:00,98.7,3,ask,,,11564458
2026-06-29T07:08:04.708619,2026-06-28T21:08:05.103661+00:00,98.4,43,ask,,,11564459
2026-06-29T07:08:06.036770,2026-06-28T21:08:06.434212+00:00,98.7,2,ask,,,11564478
2026-06-29T07:08:06.036770,2026-06-28T21:08:06.434212+00:00,98.5,44,ask,,,11564479
2026-06-29T07:08:06.822106,2026-06-28T21:08:07.215265+00:00,98.7,2,ask,,,11564492
2026-06-29T07:08:06.822106,2026-06-28T21:08:07.215265+00:00,98.5,48,ask,,,11564493
2026-06-29T07:08:08.930179,2026-06-28T21:08:09.326203+00:00,98.5,50,ask,,,11564531
2026-06-29T07:08:08.943853,2026-06-28T21:08:09.337203+00:00,98.8,46,bid,,,11564533
2026-06-29T07:08:09.929165,2026-06-28T21:08:10.327202+00:00,98.5,49,ask,,,11564561
2026-06-29T07:08:11.053286,2026-06-28T21:08:11.449214+00:00,98.7,1,ask,,,11564586
2026-06-29T07:08:11.053286,2026-06-28T21:08:11.449214+00:00,98.5,1,ask,,,11564587
2026-06-29T07:08:11.053286,2026-06-28T21:08:11.449214+00:00,98.3,48,ask,,,11564588
2026-06-29T07:08:12.558232,2026-06-28T21:08:12.955986+00:00,98.5,40,bid,,,11564623
2026-06-29T07:08:13.161609,2026-06-28T21:08:13.560975+00:00,98.1,41,ask,,,11564632
2026-06-29T07:08:13.174450,2026-06-28T21:08:13.571975+00:00,98.1,50,ask,,,11564633
2026-06-29T07:08:15.291295,2026-06-28T21:08:15.694975+00:00,98.1,50,ask,,,11564664
2026-06-29T07:08:17.062398,2026-06-28T21:08:17.454576+00:00,98.2,49,bid,,,11564684
2026-06-29T07:08:17.398365,2026-06-28T21:08:17.794250+00:00,98.1,50,ask,,,11564693
2026-06-29T07:08:18.777216,2026-06-28T21:08:19.168802+00:00,98.5,45,bid,,,11564715
2026-06-29T07:08:19.454069,2026-06-28T21:08:19.850811+00:00,98.5,50,bid,,,11564732
2026-06-29T07:08:20.389519,2026-06-28T21:08:20.785811+00:00,98.4,1,ask,,,11564751
2026-06-29T07:08:20.389519,2026-06-28T21:08:20.785811+00:00,98.0,46,ask,,,11564752
2026-06-29T07:08:21.374785,2026-06-28T21:08:21.764811+00:00,98.4,47,bid,,,11564770
2026-06-29T07:08:21.613901,2026-06-28T21:08:22.006811+00:00,98.3,1,ask,,,11564778
2026-06-29T07:08:21.613901,2026-06-28T21:08:22.006811+00:00,98.2,49,ask,,,11564779
2026-06-29T07:08:22.557016,2026-06-28T21:08:22.952635+00:00,98.3,1,ask,,,11564797
2026-06-29T07:08:22.557016,2026-06-28T21:08:22.952635+00:00,98.2,47,ask,,,11564798
2026-06-29T07:08:23.907439,2026-06-28T21:08:24.305635+00:00,98.3,1,ask,,,11564816
2026-06-29T07:08:23.964399,2026-06-28T21:08:24.360635+00:00,98.1,1,bid,,,11564818
2026-06-29T07:08:23.995187,2026-06-28T21:08:24.393635+00:00,98.1,1,bid,,,11564819
2026-06-29T07:08:24.025529,2026-06-28T21:08:24.415635+00:00,98.1,1,bid,,,11564820
2026-06-29T07:08:24.054338,2026-06-28T21:08:24.448635+00:00,98.1,1,bid,,,11564821
2026-06-29T07:08:24.084340,2026-06-28T21:08:24.481635+00:00,98.1,1,bid,,,11564822
2026-06-29T07:08:24.115631,2026-06-28T21:08:24.514635+00:00,98.1,1,bid,,,11564823
2026-06-29T07:08:24.150152,2026-06-28T21:08:24.547635+00:00,98.1,1,bid,,,11564824
2026-06-29T07:08:24.185140,2026-06-28T21:08:24.580634+00:00,98.1,1,bid,,,11564826
2026-06-29T07:08:24.236012,2026-06-28T21:08:24.635655+00:00,98.1,46,bid,,,11564827
2026-06-29T07:08:24.243325,2026-06-28T21:08:24.635655+00:00,98.1,1,bid,,,11564828
2026-06-29T07:08:24.272910,2026-06-28T21:08:24.668655+00:00,98.1,1,bid,,,11564829
2026-06-29T07:08:24.303997,2026-06-28T21:08:24.701655+00:00,98.1,1,bid,,,11564830
2026-06-29T07:08:25.796335,2026-06-28T21:08:26.186755+00:00,98.1,50,bid,,,11564854
2026-06-29T07:08:26.383911,2026-06-28T21:08:26.780262+00:00,98.1,3,bid,,,11564863
2026-06-29T07:08:27.961747,2026-06-28T21:08:28.352945+00:00,98.1,50,ask,,,11564894
2026-06-29T07:08:30.066643,2026-06-28T21:08:30.464945+00:00,98.2,2,ask,,,11564932
2026-06-29T07:08:30.066643,2026-06-28T21:08:30.464945+00:00,98.1,48,ask,,,11564933
2026-06-29T07:08:30.308466,2026-06-28T21:08:30.706945+00:00,97.9,40,ask,,,11564939
2026-06-29T07:08:31.193854,2026-06-28T21:08:31.586945+00:00,98.0,1,bid,,,11564963
2026-06-29T07:08:31.249484,2026-06-28T21:08:31.641945+00:00,98.0,1,bid,,,11564964
2026-06-29T07:08:32.124980,2026-06-28T21:08:32.521936+00:00,98.0,50,bid,,,11564977
2026-06-29T07:08:34.166523,2026-06-28T21:08:34.555921+00:00,98.3,44,bid,,,11565018
2026-06-29T07:08:36.762022,2026-06-28T21:08:37.151961+00:00,98.0,47,ask,,,11565052
2026-06-29T07:08:38.441667,2026-06-28T21:08:38.833162+00:00,98.5,50,bid,,,11565078
2026-06-29T07:08:38.754669,2026-06-28T21:08:39.152162+00:00,98.1,45,ask,,,11565080
2026-06-29T07:08:42.704801,2026-06-28T21:08:43.099075+00:00,98.3,3,ask,,,11565135
2026-06-29T07:08:42.704801,2026-06-28T21:08:43.099075+00:00,98.1,47,ask,,,11565136
2026-06-29T07:08:43.236822,2026-06-28T21:08:43.638076+00:00,98.3,49,bid,,,11565140
2026-06-29T07:08:44.813001,2026-06-28T21:08:45.211075+00:00,97.9,50,ask,,,11565170
2026-06-29T07:08:44.958636,2026-06-28T21:08:45.354075+00:00,98.3,45,bid,,,11565174
2026-06-29T07:08:46.001306,2026-06-28T21:08:46.398122+00:00,98.4,100,bid,,,11565186
2026-06-29T07:08:46.919252,2026-06-28T21:08:47.310637+00:00,98.4,50,ask,,,11565200
2026-06-29T07:08:47.113655,2026-06-28T21:08:47.509638+00:00,98.2,41,ask,,,11565204
2026-06-29T07:08:49.030914,2026-06-28T21:08:49.422639+00:00,98.2,50,ask,,,11565227
2026-06-29T07:08:49.132747,2026-06-28T21:08:49.532639+00:00,98.6,1,bid,,,11565232
2026-06-29T07:08:49.132747,2026-06-28T21:08:49.532639+00:00,98.7,39,bid,,,11565233
2026-06-29T07:08:51.138334,2026-06-28T21:08:51.534660+00:00,98.0,50,ask,,,11565266
2026-06-29T07:08:53.244276,2026-06-28T21:08:53.635426+00:00,98.2,5,ask,,,11565310
2026-06-29T07:08:54.120859,2026-06-28T21:08:54.515426+00:00,98.1,5,ask,,,11565325
2026-06-29T07:08:54.120859,2026-06-28T21:08:54.515426+00:00,97.9,40,ask,,,11565326
2026-06-29T07:08:54.676003,2026-06-28T21:08:55.065425+00:00,98.3,46,bid,,,11565341
2026-06-29T07:08:55.332081,2026-06-28T21:08:55.725426+00:00,98.1,5,ask,,,11565355
2026-06-29T07:08:55.332081,2026-06-28T21:08:55.725426+00:00,97.9,41,ask,,,11565356
2026-06-29T07:08:55.349610,2026-06-28T21:08:55.747426+00:00,97.9,19,ask,,,11565357
2026-06-29T07:08:55.349610,2026-06-28T21:08:55.747426+00:00,97.8,31,ask,,,11565358
2026-06-29T07:08:56.157390,2026-06-28T21:08:56.549295+00:00,98.1,4,bid,,,11565372
2026-06-29T07:08:57.206058,2026-06-28T21:08:57.605295+00:00,98.1,4,bid,,,11565382
2026-06-29T07:08:57.457614,2026-06-28T21:08:57.857000+00:00,97.9,50,ask,,,11565389
2026-06-29T07:08:59.572041,2026-06-28T21:08:59.969000+00:00,98.0,3,ask,,,11565421
2026-06-29T07:08:59.572041,2026-06-28T21:08:59.969000+00:00,97.7,47,ask,,,11565422
2026-06-29T07:09:00.365105,2026-06-28T21:09:00.760999+00:00,98.2,45,bid,,,11565437
2026-06-29T07:09:01.684236,2026-06-28T21:09:02.081011+00:00,98.0,3,ask,,,11565463
2026-06-29T07:09:01.684236,2026-06-28T21:09:02.081011+00:00,97.7,47,ask,,,11565464
2026-06-29T07:09:01.900281,2026-06-28T21:09:02.290011+00:00,98.0,5,ask,,,11565467
2026-06-29T07:09:02.493455,2026-06-28T21:09:02.893546+00:00,98.2,43,bid,,,11565476
2026-06-29T07:09:03.066812,2026-06-28T21:09:03.465951+00:00,97.9,5,ask,,,11565486
2026-06-29T07:09:03.066812,2026-06-28T21:09:03.465951+00:00,97.9,36,ask,,,11565487
2026-06-29T07:09:03.741983,2026-06-28T21:09:04.136950+00:00,98.2,50,bid,,,11565506
2026-06-29T07:09:05.898860,2026-06-28T21:09:06.292502+00:00,98.1,50,ask,,,11565557
2026-06-29T07:09:06.200531,2026-06-28T21:09:06.600502+00:00,98.1,42,ask,,,11565559
2026-06-29T07:09:07.955902,2026-06-28T21:09:08.349055+00:00,98.2,50,bid,,,11565595
2026-06-29T07:09:08.335636,2026-06-28T21:09:08.734055+00:00,98.2,43,bid,,,11565597
2026-06-29T07:09:08.891102,2026-06-28T21:09:09.284055+00:00,98.1,45,ask,,,11565617
2026-06-29T07:09:10.113388,2026-06-28T21:09:10.505075+00:00,98.1,50,ask,,,11565640
2026-06-29T07:09:11.372542,2026-06-28T21:09:11.780609+00:00,98.1,5,ask,,,11565672
2026-06-29T07:09:11.936847,2026-06-28T21:09:12.330609+00:00,98.1,48,bid,,,11565680
2026-06-29T07:09:12.190088,2026-06-28T21:09:12.583608+00:00,98.1,50,bid,,,11565685
2026-06-29T07:09:12.926976,2026-06-28T21:09:13.320185+00:00,97.9,1,ask,,,11565702
2026-06-29T07:09:14.295418,2026-06-28T21:09:14.695298+00:00,98.1,47,bid,,,11565731
2026-06-29T07:09:14.295418,2026-06-28T21:09:14.695298+00:00,98.1,3,bid,,,11565732
2026-06-29T07:09:14.478832,2026-06-28T21:09:14.871299+00:00,98.1,97,bid,,,11565742
2026-06-29T07:09:15.588918,2026-06-28T21:09:15.982299+00:00,98.3,43,ask,,,11565772
2026-06-29T07:09:16.057360,2026-06-28T21:09:16.454848+00:00,98.3,10,ask,,,11565782
2026-06-29T07:09:16.412399,2026-06-28T21:09:16.806848+00:00,98.7,50,bid,,,11565787
2026-06-29T07:09:17.697357,2026-06-28T21:09:18.092099+00:00,98.2,100,ask,,,11565826
2026-06-29T07:09:18.523375,2026-06-28T21:09:18.917099+00:00,98.1,50,bid,,,11565840
2026-06-29T07:09:20.650034,2026-06-28T21:09:21.051119+00:00,98.3,50,bid,,,11565874
2026-06-29T07:09:22.297500,2026-06-28T21:09:22.690119+00:00,98.3,5,bid,,,11565897
2026-06-29T07:09:22.297500,2026-06-28T21:09:22.690119+00:00,98.4,44,bid,,,11565898
2026-06-29T07:09:22.758296,2026-06-28T21:09:23.151664+00:00,98.3,5,bid,,,11565905
2026-06-29T07:09:22.758296,2026-06-28T21:09:23.151664+00:00,98.4,45,bid,,,11565906
2026-06-29T07:09:24.022296,2026-06-28T21:09:24.416673+00:00,98.1,46,ask,,,11565922
2026-06-29T07:09:24.867543,2026-06-28T21:09:25.263673+00:00,98.3,2,bid,,,11565937
2026-06-29T07:09:24.867543,2026-06-28T21:09:25.263673+00:00,98.6,48,bid,,,11565938
2026-06-29T07:09:26.996835,2026-06-28T21:09:27.397734+00:00,98.4,2,bid,,,11565959
2026-06-29T07:09:26.996835,2026-06-28T21:09:27.397734+00:00,98.6,48,bid,,,11565960
2026-06-29T07:09:27.334124,2026-06-28T21:09:27.727268+00:00,98.4,2,bid,,,11565961
2026-06-29T07:09:27.334124,2026-06-28T21:09:27.727268+00:00,98.6,40,bid,,,11565962
2026-06-29T07:09:27.869317,2026-06-28T21:09:28.265826+00:00,98.4,2,bid,,,11565984
2026-06-29T07:09:27.923075,2026-06-28T21:09:28.320826+00:00,98.3,48,ask,,,11565985
2026-06-29T07:09:30.531891,2026-06-28T21:09:30.927826+00:00,98.2,44,ask,,,11566030
2026-06-29T07:09:31.231953,2026-06-28T21:09:31.631826+00:00,98.5,50,bid,,,11566052
2026-06-29T07:09:33.337725,2026-06-28T21:09:33.732574+00:00,98.5,50,bid,,,11566083
2026-06-29T07:09:33.819586,2026-06-28T21:09:34.216565+00:00,98.7,44,bid,,,11566099
2026-06-29T07:09:35.443714,2026-06-28T21:09:35.833108+00:00,98.3,50,bid,,,11566146
2026-06-29T07:09:36.614552,2026-06-28T21:09:37.009665+00:00,98.3,50,bid,,,11566157
2026-06-29T07:09:37.011121,2026-06-28T21:09:37.405673+00:00,98.7,100,ask,,,11566166
2026-06-29T07:09:37.611142,2026-06-28T21:09:38.010369+00:00,98.2,50,ask,,,11566169
2026-06-29T07:09:39.717682,2026-06-28T21:09:40.111369+00:00,98.2,50,ask,,,11566210
2026-06-29T07:09:40.582825,2026-06-28T21:09:40.980369+00:00,98.2,5,ask,,,11566219
2026-06-29T07:09:40.582825,2026-06-28T21:09:40.991369+00:00,98.2,43,ask,,,11566220
2026-06-29T07:09:41.852471,2026-06-28T21:09:42.245389+00:00,98.2,50,ask,,,11566230
2026-06-29T07:09:43.958802,2026-06-28T21:09:44.356463+00:00,98.1,2,ask,,,11566274
2026-06-29T07:09:43.958802,2026-06-28T21:09:44.356463+00:00,97.8,48,ask,,,11566275
2026-06-29T07:09:44.363439,2026-06-28T21:09:44.763463+00:00,98.3,45,bid,,,11566280
2026-06-29T07:09:46.017876,2026-06-28T21:09:46.413023+00:00,98.3,50,bid,,,11566308
2026-06-29T07:09:47.150944,2026-06-28T21:09:47.546010+00:00,98.1,1,ask,,,11566321
2026-06-29T07:09:48.175800,2026-06-28T21:09:48.569136+00:00,98.1,2,ask,,,11566340
2026-06-29T07:09:48.175800,2026-06-28T21:09:48.569136+00:00,98.0,48,ask,,,11566341
2026-06-29T07:09:49.744851,2026-06-28T21:09:50.142128+00:00,98.4,47,bid,,,11566374
2026-06-29T07:09:49.799230,2026-06-28T21:09:50.197136+00:00,98.1,1,ask,,,11566375
2026-06-29T07:09:50.232139,2026-06-28T21:09:50.626127+00:00,98.4,50,bid,,,11566389
2026-06-29T07:09:51.953088,2026-06-28T21:09:52.353137+00:00,98.4,46,bid,,,11566406
2026-06-29T07:09:52.389431,2026-06-28T21:09:52.781693+00:00,98.1,1,ask,,,11566421
2026-06-29T07:09:52.389431,2026-06-28T21:09:52.781693+00:00,97.9,49,ask,,,11566422
2026-06-29T07:09:52.426861,2026-06-28T21:09:52.825693+00:00,98.4,100,bid,,,11566425
2026-06-29T07:09:52.426861,2026-06-28T21:09:52.825693+00:00,98.5,1,bid,,,11566426
2026-06-29T07:09:52.842988,2026-06-28T21:09:53.232713+00:00,98.8,49,ask,,,11566434
2026-06-29T07:09:53.040026,2026-06-28T21:09:53.430714+00:00,98.3,43,ask,,,11566436
2026-06-29T07:09:53.655009,2026-06-28T21:09:54.046714+00:00,98.3,41,ask,,,11566445
2026-06-29T07:09:54.166923,2026-06-28T21:09:54.563714+00:00,98.4,4,bid,,,11566462
2026-06-29T07:09:54.166923,2026-06-28T21:09:54.563714+00:00,98.8,41,bid,,,11566463
2026-06-29T07:09:54.221712,2026-06-28T21:09:54.618714+00:00,98.3,16,ask,,,11566465
2026-06-29T07:09:54.447542,2026-06-28T21:09:54.838705+00:00,98.4,4,bid,,,11566473
2026-06-29T07:09:54.447542,2026-06-28T21:09:54.849705+00:00,98.8,10,bid,,,11566474
2026-06-29T07:09:54.447542,2026-06-28T21:09:54.849705+00:00,99.3,36,bid,,,11566475
2026-06-29T07:09:56.608083,2026-06-28T21:09:57.004779+00:00,98.1,50,ask,,,11566520
2026-06-29T07:09:58.359513,2026-06-28T21:09:58.752370+00:00,98.1,40,ask,,,11566544
2026-06-29T07:09:58.661474,2026-06-28T21:09:59.060370+00:00,98.4,4,bid,,,11566549
2026-06-29T07:09:58.661474,2026-06-28T21:09:59.060370+00:00,98.5,46,bid,,,11566550
2026-06-29T07:09:59.936460,2026-06-28T21:10:00.335904+00:00,98.3,44,ask,,,11566576
2026-06-29T07:10:00.770497,2026-06-28T21:10:01.160903+00:00,98.4,50,bid,,,11566591
2026-06-29T07:10:01.766299,2026-06-28T21:10:02.161904+00:00,98.4,42,bid,,,11566611
2026-06-29T07:10:02.230868,2026-06-28T21:10:02.623904+00:00,98.4,4,bid,,,11566616
2026-06-29T07:10:02.230868,2026-06-28T21:10:02.623904+00:00,98.8,38,bid,,,11566617
2026-06-29T07:10:02.879297,2026-06-28T21:10:03.272006+00:00,98.8,50,bid,,,11566630
2026-06-29T07:10:04.237480,2026-06-28T21:10:04.636014+00:00,98.3,47,ask,,,11566653
2026-06-29T07:10:04.855731,2026-06-28T21:10:05.252006+00:00,98.5,3,bid,,,11566661
2026-06-29T07:10:04.855731,2026-06-28T21:10:05.252006+00:00,98.8,43,bid,,,11566662
2026-06-29T07:10:04.985672,2026-06-28T21:10:05.384014+00:00,98.5,3,bid,,,11566665
2026-06-29T07:10:04.985672,2026-06-28T21:10:05.384014+00:00,98.8,19,bid,,,11566666
2026-06-29T07:10:04.985672,2026-06-28T21:10:05.384014+00:00,98.8,28,bid,,,11566667
2026-06-29T07:10:05.084470,2026-06-28T21:10:05.483015+00:00,98.5,3,bid,,,11566668
2026-06-29T07:10:05.107072,2026-06-28T21:10:05.505014+00:00,98.7,3,ask,,,11566670
2026-06-29T07:10:05.134685,2026-06-28T21:10:05.527015+00:00,98.7,3,ask,,,11566671
2026-06-29T07:10:05.164313,2026-06-28T21:10:05.560014+00:00,98.7,3,ask,,,11566672
2026-06-29T07:10:06.314171,2026-06-28T21:10:06.713661+00:00,98.7,4,ask,,,11566695
2026-06-29T07:10:06.750851,2026-06-28T21:10:07.142661+00:00,98.7,45,ask,,,11566711
2026-06-29T07:10:07.093277,2026-06-28T21:10:07.483661+00:00,98.9,50,bid,,,11566718
2026-06-29T07:10:07.212588,2026-06-28T21:10:07.604661+00:00,98.9,46,bid,,,11566719
2026-06-29T07:10:07.223613,2026-06-28T21:10:07.615661+00:00,98.7,5,ask,,,11566721
2026-06-29T07:10:07.775146,2026-06-28T21:10:08.164928+00:00,98.7,5,ask,,,11566728
2026-06-29T07:10:08.606853,2026-06-28T21:10:09.000928+00:00,98.7,5,bid,,,11566740
2026-06-29T07:10:08.834736,2026-06-28T21:10:09.231928+00:00,98.8,42,ask,,,11566744
2026-06-29T07:10:09.202963,2026-06-28T21:10:09.594928+00:00,98.9,50,bid,,,11566749
2026-06-29T07:10:09.249884,2026-06-28T21:10:09.649928+00:00,98.8,5,ask,,,11566751
2026-06-29T07:10:09.393400,2026-06-28T21:10:09.792928+00:00,98.8,47,ask,,,11566753
2026-06-29T07:10:09.398063,2026-06-28T21:10:09.792928+00:00,98.8,1,ask,,,11566754
2026-06-29T07:10:11.309151,2026-06-28T21:10:11.706622+00:00,98.7,3,bid,,,11566786
2026-06-29T07:10:11.309151,2026-06-28T21:10:11.706622+00:00,98.9,47,bid,,,11566787
2026-06-29T07:10:11.387998,2026-06-28T21:10:11.783622+00:00,98.8,3,bid,,,11566789
2026-06-29T07:10:11.387998,2026-06-28T21:10:11.783622+00:00,99.3,39,bid,,,11566790
2026-06-29T07:10:11.411170,2026-06-28T21:10:11.805622+00:00,98.8,2,ask,,,11566791
2026-06-29T07:10:11.437922,2026-06-28T21:10:11.827622+00:00,98.8,2,ask,,,11566792
2026-06-29T07:10:11.853213,2026-06-28T21:10:12.245622+00:00,98.8,2,ask,,,11566793
2026-06-29T07:10:11.959764,2026-06-28T21:10:12.355622+00:00,98.8,2,ask,,,11566795
2026-06-29T07:10:11.983654,2026-06-28T21:10:12.377621+00:00,98.8,2,ask,,,11566796
2026-06-29T07:10:12.461982,2026-06-28T21:10:12.861259+00:00,98.8,2,ask,,,11566811
2026-06-29T07:10:12.485069,2026-06-28T21:10:12.883259+00:00,98.8,1,ask,,,11566812
2026-06-29T07:10:12.520035,2026-06-28T21:10:12.916259+00:00,98.8,1,ask,,,11566815
2026-06-29T07:10:12.548862,2026-06-28T21:10:12.949259+00:00,98.8,1,ask,,,11566816
2026-06-29T07:10:12.864278,2026-06-28T21:10:13.257259+00:00,98.8,43,ask,,,11566821
2026-06-29T07:10:13.417439,2026-06-28T21:10:13.807279+00:00,99.0,50,bid,,,11566841
2026-06-29T07:10:13.971208,2026-06-28T21:10:14.368271+00:00,99.0,48,bid,,,11566857
2026-06-29T07:10:14.901551,2026-06-28T21:10:15.303279+00:00,99.0,43,bid,,,11566872
2026-06-29T07:10:15.529710,2026-06-28T21:10:15.930279+00:00,99.0,50,bid,,,11566886
2026-06-29T07:10:17.635804,2026-06-28T21:10:18.030501+00:00,99.0,50,bid,,,11566922
2026-06-29T07:10:19.743801,2026-06-28T21:10:20.142521+00:00,99.2,50,bid,,,11566950
2026-06-29T07:10:21.849806,2026-06-28T21:10:22.243055+00:00,99.3,50,bid,,,11566982
2026-06-29T07:10:22.808118,2026-06-28T21:10:23.200167+00:00,99.0,25,ask,,,11566993
2026-06-29T07:10:23.019552,2026-06-28T21:10:23.420166+00:00,99.0,25,ask,,,11566996
2026-06-29T07:10:23.229266,2026-06-28T21:10:23.629167+00:00,99.0,25,ask,,,11567000
2026-06-29T07:10:23.439019,2026-06-28T21:10:23.838167+00:00,99.0,25,ask,,,11567003
2026-06-29T07:10:23.648047,2026-06-28T21:10:24.047167+00:00,99.0,25,ask,,,11567007
2026-06-29T07:10:23.958549,2026-06-28T21:10:24.355167+00:00,99.3,50,bid,,,11567021
2026-06-29T07:10:24.314706,2026-06-28T21:10:24.707187+00:00,98.8,42,ask,,,11567026
2026-06-29T07:10:24.481743,2026-06-28T21:10:24.872187+00:00,99.0,100,bid,,,11567034
2026-06-29T07:10:26.066764,2026-06-28T21:10:26.466744+00:00,99.0,50,bid,,,11567071
2026-06-29T07:10:27.787137,2026-06-28T21:10:28.181372+00:00,99.0,45,ask,,,11567104
2026-06-29T07:10:28.063886,2026-06-28T21:10:28.456372+00:00,99.0,25,ask,,,11567109
2026-06-29T07:10:28.174203,2026-06-28T21:10:28.566363+00:00,99.1,50,bid,,,11567112
2026-06-29T07:10:28.276028,2026-06-28T21:10:28.676362+00:00,99.0,25,ask,,,11567114
2026-06-29T07:10:28.486336,2026-06-28T21:10:28.885372+00:00,99.0,25,ask,,,11567118
2026-06-29T07:10:30.312977,2026-06-28T21:10:30.733141+00:00,99.1,50,bid,,,11567155
2026-06-29T07:10:30.778664,2026-06-28T21:10:31.173140+00:00,99.3,43,bid,,,11567170
2026-06-29T07:10:32.494652,2026-06-28T21:10:32.888251+00:00,99.0,50,ask,,,11567203
2026-06-29T07:10:32.751663,2026-06-28T21:10:33.152242+00:00,99.0,44,ask,,,11567205
2026-06-29T07:10:33.264328,2026-06-28T21:10:33.658251+00:00,99.3,42,bid,,,11567214
2026-06-29T07:10:34.350061,2026-06-28T21:10:34.747242+00:00,98.7,40,ask,,,11567245
2026-06-29T07:10:34.601225,2026-06-28T21:10:35.000251+00:00,98.7,50,ask,,,11567252
2026-06-29T07:10:36.576512,2026-06-28T21:10:36.968851+00:00,98.7,49,ask,,,11567286
2026-06-29T07:10:36.707242,2026-06-28T21:10:37.100851+00:00,98.7,11,ask,,,11567293
2026-06-29T07:10:36.707242,2026-06-28T21:10:37.100851+00:00,98.5,39,ask,,,11567294
2026-06-29T07:10:36.922298,2026-06-28T21:10:37.320851+00:00,98.7,25,bid,,,11567298
2026-06-29T07:10:37.733208,2026-06-28T21:10:38.123129+00:00,98.7,25,bid,,,11567322
2026-06-29T07:10:37.943921,2026-06-28T21:10:38.343128+00:00,98.7,25,bid,,,11567331
2026-06-29T07:10:38.354222,2026-06-28T21:10:38.750128+00:00,98.7,25,bid,,,11567344
2026-06-29T07:10:38.563436,2026-06-28T21:10:38.959128+00:00,98.7,9,bid,,,11567353
2026-06-29T07:10:38.774813,2026-06-28T21:10:39.168129+00:00,98.7,25,bid,,,11567357
2026-06-29T07:10:38.820518,2026-06-28T21:10:39.212129+00:00,98.4,50,ask,,,11567359
2026-06-29T07:10:38.983845,2026-06-28T21:10:39.377129+00:00,98.7,16,bid,,,11567370
2026-06-29T07:10:39.100417,2026-06-28T21:10:39.498129+00:00,98.9,42,bid,,,11567371
2026-06-29T07:10:39.192881,2026-06-28T21:10:39.586128+00:00,98.9,25,bid,,,11567375
2026-06-29T07:10:39.401059,2026-06-28T21:10:39.795148+00:00,98.9,25,bid,,,11567382
2026-06-29T07:10:39.595913,2026-06-28T21:10:39.993139+00:00,98.9,8,bid,,,11567385
2026-06-29T07:10:40.064867,2026-06-28T21:10:40.455148+00:00,99.1,48,ask,,,11567392
2026-06-29T07:10:40.603339,2026-06-28T21:10:41.005149+00:00,99.3,40,bid,,,11567404
2026-06-29T07:10:40.875931,2026-06-28T21:10:41.269148+00:00,99.3,50,bid,,,11567412
2026-06-29T07:10:42.983158,2026-06-28T21:10:43.380279+00:00,99.3,10,bid,,,11567448
2026-06-29T07:10:42.983158,2026-06-28T21:10:43.380279+00:00,99.6,40,bid,,,11567449
2026-06-29T07:10:43.579408,2026-06-28T21:10:43.974288+00:00,99.2,45,ask,,,11567456
2026-06-29T07:10:45.014902,2026-06-28T21:10:45.414821+00:00,99.2,25,ask,,,11567485
2026-06-29T07:10:45.091574,2026-06-28T21:10:45.491821+00:00,99.5,50,bid,,,11567489
2026-06-29T07:10:45.149718,2026-06-28T21:10:45.546821+00:00,99.5,43,bid,,,11567490
2026-06-29T07:10:45.224608,2026-06-28T21:10:45.623821+00:00,99.2,25,ask,,,11567491
2026-06-29T07:10:45.440620,2026-06-28T21:10:45.832821+00:00,99.2,5,ask,,,11567497
2026-06-29T07:10:46.259209,2026-06-28T21:10:46.657367+00:00,99.4,25,ask,,,11567514
2026-06-29T07:10:46.468756,2026-06-28T21:10:46.866367+00:00,99.4,25,ask,,,11567517
2026-06-29T07:10:46.676437,2026-06-28T21:10:47.075367+00:00,99.4,25,ask,,,11567523
2026-06-29T07:10:46.684819,2026-06-28T21:10:47.075367+00:00,99.4,75,ask,,,11567525
2026-06-29T07:10:47.250760,2026-06-28T21:10:47.647376+00:00,99.1,4,ask,,,11567530
2026-06-29T07:10:47.250760,2026-06-28T21:10:47.647376+00:00,98.9,46,ask,,,11567531
2026-06-29T07:10:47.832767,2026-06-28T21:10:48.228673+00:00,99.1,4,ask,,,11567540
2026-06-29T07:10:49.359662,2026-06-28T21:10:49.757673+00:00,98.9,50,ask,,,11567577
2026-06-29T07:10:51.466935,2026-06-28T21:10:51.868206+00:00,99.1,3,ask,,,11567624
2026-06-29T07:10:51.466935,2026-06-28T21:10:51.868206+00:00,99.0,47,ask,,,11567625
2026-06-29T07:10:53.524955,2026-06-28T21:10:53.923986+00:00,99.4,50,bid,,,11567661
2026-06-29T07:10:56.319177,2026-06-28T21:10:56.717529+00:00,99.5,40,bid,,,11567718
2026-06-29T07:10:57.737699,2026-06-28T21:10:58.135008+00:00,99.5,50,bid,,,11567742
2026-06-29T07:10:57.836070,2026-06-28T21:10:58.234008+00:00,99.5,44,bid,,,11567743
2026-06-29T07:10:58.301591,2026-06-28T21:10:58.696008+00:00,99.1,3,ask,,,11567753
2026-06-29T07:10:58.301591,2026-06-28T21:10:58.696008+00:00,99.0,44,ask,,,11567754
2026-06-29T07:10:58.882864,2026-06-28T21:10:59.279008+00:00,99.1,5,ask,,,11567764
2026-06-29T07:10:58.882864,2026-06-28T21:10:59.279008+00:00,99.0,35,ask,,,11567765
2026-06-29T07:10:59.332760,2026-06-28T21:10:59.730008+00:00,99.2,100,ask,,,11567773
2026-06-29T07:10:59.490450,2026-06-28T21:10:59.884008+00:00,99.2,43,ask,,,11567785
2026-06-29T07:10:59.507467,2026-06-28T21:10:59.906008+00:00,99.2,7,ask,,,11567786
2026-06-29T07:10:59.843213,2026-06-28T21:11:00.236008+00:00,99.7,50,bid,,,11567795
2026-06-29T07:11:01.950823,2026-06-28T21:11:02.347524+00:00,99.7,50,bid,,,11567836
2026-06-29T07:11:04.111423,2026-06-28T21:11:04.506650+00:00,98.9,50,ask,,,11567879
2026-06-29T07:11:06.219815,2026-06-28T21:11:06.617771+00:00,99.1,1,ask,,,11567911
2026-06-29T07:11:06.219815,2026-06-28T21:11:06.617771+00:00,99.0,49,ask,,,11567912
2026-06-29T07:11:07.440015,2026-06-28T21:11:07.838423+00:00,99.4,1,bid,,,11567939
2026-06-29T07:11:07.440015,2026-06-28T21:11:07.838423+00:00,99.4,44,bid,,,11567940
2026-06-29T07:11:08.423305,2026-06-28T21:11:08.816505+00:00,99.5,49,bid,,,11567956
2026-06-29T07:11:08.928275,2026-06-28T21:11:09.322553+00:00,99.1,48,ask,,,11567974
2026-06-29T07:11:09.422609,2026-06-28T21:11:09.817553+00:00,99.6,47,bid,,,11567980
2026-06-29T07:11:10.430022,2026-06-28T21:11:10.829553+00:00,99.1,50,ask,,,11568000
2026-06-29T07:11:11.375658,2026-06-28T21:11:11.774771+00:00,99.1,41,ask,,,11568021
2026-06-29T07:11:12.537769,2026-06-28T21:11:12.929887+00:00,99.2,50,ask,,,11568044
2026-06-29T07:11:12.569869,2026-06-28T21:11:12.962887+00:00,99.2,43,ask,,,11568046
2026-06-29T07:11:14.643898,2026-06-28T21:11:15.041887+00:00,99.2,7,ask,,,11568091
2026-06-29T07:11:14.643898,2026-06-28T21:11:15.041887+00:00,98.8,43,ask,,,11568092
2026-06-29T07:11:14.949934,2026-06-28T21:11:15.349887+00:00,99.1,25,bid,,,11568096
2026-06-29T07:11:15.163370,2026-06-28T21:11:15.558887+00:00,99.1,25,bid,,,11568101
2026-06-29T07:11:15.374446,2026-06-28T21:11:15.767887+00:00,99.1,25,bid,,,11568108
2026-06-29T07:11:15.582650,2026-06-28T21:11:15.976887+00:00,99.1,25,bid,,,11568117
2026-06-29T07:11:15.794868,2026-06-28T21:11:16.185442+00:00,99.1,25,bid,,,11568125
2026-06-29T07:11:16.750008,2026-06-28T21:11:17.142442+00:00,98.9,50,ask,,,11568131
2026-06-29T07:11:18.806412,2026-06-28T21:11:19.198710+00:00,98.9,50,bid,,,11568160
2026-06-29T07:11:20.527796,2026-06-28T21:11:20.925730+00:00,98.9,43,bid,,,11568187
2026-06-29T07:11:20.612466,2026-06-28T21:11:21.002730+00:00,98.9,7,bid,,,11568192
2026-06-29T07:11:20.963155,2026-06-28T21:11:21.354731+00:00,98.8,50,ask,,,11568202
2026-06-29T07:11:23.019759,2026-06-28T21:11:23.410847+00:00,99.3,50,bid,,,11568232
2026-06-29T07:11:24.169050,2026-06-28T21:11:24.565381+00:00,99.5,46,bid,,,11568243
2026-06-29T07:11:27.294486,2026-06-28T21:11:27.689018+00:00,99.1,50,ask,,,11568296
2026-06-29T07:11:29.251204,2026-06-28T21:11:29.646262+00:00,99.0,46,ask,,,11568319
2026-06-29T07:11:29.401742,2026-06-28T21:11:29.800253+00:00,99.0,50,ask,,,11568321
2026-06-29T07:11:29.746489,2026-06-28T21:11:30.141262+00:00,99.5,40,bid,,,11568333
2026-06-29T07:11:31.508180,2026-06-28T21:11:31.901274+00:00,98.9,1,ask,,,11568351
2026-06-29T07:11:31.508180,2026-06-28T21:11:31.901274+00:00,98.8,49,ask,,,11568352
2026-06-29T07:11:32.233821,2026-06-28T21:11:32.626816+00:00,99.1,44,bid,,,11568371
2026-06-29T07:11:32.287304,2026-06-28T21:11:32.681817+00:00,99.0,3,ask,,,11568372
2026-06-29T07:11:32.287304,2026-06-28T21:11:32.692817+00:00,98.8,39,ask,,,11568373
2026-06-29T07:11:33.616151,2026-06-28T21:11:34.012070+00:00,99.0,3,ask,,,11568390
2026-06-29T07:11:33.616151,2026-06-28T21:11:34.012070+00:00,98.8,12,ask,,,11568391
2026-06-29T07:11:33.616151,2026-06-28T21:11:34.012070+00:00,98.6,35,ask,,,11568392
2026-06-29T07:11:33.760344,2026-06-28T21:11:34.155078+00:00,98.6,43,ask,,,11568399
2026-06-29T07:11:35.727096,2026-06-28T21:11:36.123172+00:00,98.6,50,ask,,,11568446
2026-06-29T07:11:37.781379,2026-06-28T21:11:38.179284+00:00,98.8,50,bid,,,11568476
2026-06-29T07:11:39.901917,2026-06-28T21:11:40.302284+00:00,98.8,50,bid,,,11568503
2026-06-29T07:11:42.007415,2026-06-28T21:11:42.403284+00:00,99.0,50,bid,,,11568537
2026-06-29T07:11:44.167899,2026-06-28T21:11:44.559423+00:00,98.8,1,ask,,,11568564
2026-06-29T07:11:44.167899,2026-06-28T21:11:44.570423+00:00,98.8,49,ask,,,11568565
2026-06-29T07:11:44.267071,2026-06-28T21:11:44.658423+00:00,99.1,5,bid,,,11568567
2026-06-29T07:11:46.224536,2026-06-28T21:11:46.616054+00:00,99.1,3,bid,,,11568611
2026-06-29T07:11:46.224536,2026-06-28T21:11:46.627055+00:00,99.3,47,bid,,,11568612
2026-06-29T07:11:48.332425,2026-06-28T21:11:48.726533+00:00,99.2,50,bid,,,11568641
2026-06-29T07:11:50.610012,2026-06-28T21:11:51.003533+00:00,99.3,40,bid,,,11568670
2026-06-29T07:11:50.665791,2026-06-28T21:11:51.058542+00:00,99.1,48,ask,,,11568671
2026-06-29T07:11:52.556822,2026-06-28T21:11:52.950621+00:00,99.3,50,bid,,,11568696
2026-06-29T07:11:53.064782,2026-06-28T21:11:53.456621+00:00,99.1,100,bid,,,11568701
2026-06-29T07:11:54.283986,2026-06-28T21:11:54.677155+00:00,99.1,47,bid,,,11568708
2026-06-29T07:11:54.676106,2026-06-28T21:11:55.073155+00:00,99.1,3,bid,,,11568721
2026-06-29T07:11:56.003508,2026-06-28T21:11:56.403718+00:00,99.0,43,ask,,,11568736
2026-06-29T07:11:56.833791,2026-06-28T21:11:57.228739+00:00,99.0,50,ask,,,11568748
2026-06-29T07:11:58.942848,2026-06-28T21:11:59.340005+00:00,99.0,50,ask,,,11568796
2026-06-29T07:11:58.958933,2026-06-28T21:11:59.351005+00:00,99.2,48,bid,,,11568797
2026-06-29T07:12:00.092162,2026-06-28T21:12:00.484025+00:00,99.1,5,bid,,,11568821
2026-06-29T07:12:01.049666,2026-06-28T21:12:01.441025+00:00,99.0,50,ask,,,11568829
2026-06-29T07:12:01.099726,2026-06-28T21:12:01.496025+00:00,99.1,5,bid,,,11568831
2026-06-29T07:12:01.235149,2026-06-28T21:12:01.628025+00:00,99.1,48,bid,,,11568836
2026-06-29T07:12:01.995447,2026-06-28T21:12:02.397558+00:00,99.1,4,bid,,,11568848
2026-06-29T07:12:02.096423,2026-06-28T21:12:02.496558+00:00,99.1,4,bid,,,11568849
2026-06-29T07:12:02.169140,2026-06-28T21:12:02.562559+00:00,99.0,42,ask,,,11568850
2026-06-29T07:12:03.104085,2026-06-28T21:12:03.497676+00:00,99.4,50,bid,,,11568870
2026-06-29T07:12:03.809065,2026-06-28T21:12:04.201676+00:00,99.1,4,ask,,,11568880
2026-06-29T07:12:03.809065,2026-06-28T21:12:04.201676+00:00,99.0,45,ask,,,11568881
2026-06-29T07:12:04.458322,2026-06-28T21:12:04.850676+00:00,99.4,44,bid,,,11568895
2026-06-29T07:12:04.988755,2026-06-28T21:12:05.392667+00:00,99.1,4,ask,,,11568908
2026-06-29T07:12:04.988755,2026-06-28T21:12:05.392667+00:00,99.0,43,ask,,,11568909
2026-06-29T07:12:05.262914,2026-06-28T21:12:05.656676+00:00,99.0,12,ask,,,11568914
2026-06-29T07:12:05.262914,2026-06-28T21:12:05.656676+00:00,98.9,38,ask,,,11568915
2026-06-29T07:12:05.777123,2026-06-28T21:12:06.173242+00:00,99.3,100,ask,,,11568921
2026-06-29T07:12:06.541174,2026-06-28T21:12:06.943241+00:00,99.3,43,ask,,,11568933
2026-06-29T07:12:07.073044,2026-06-28T21:12:07.471241+00:00,99.8,44,bid,,,11568945
2026-06-29T07:12:07.371254,2026-06-28T21:12:07.767493+00:00,99.3,7,ask,,,11568950
2026-06-29T07:12:07.371254,2026-06-28T21:12:07.767493+00:00,99.1,5,ask,,,11568951
2026-06-29T07:12:07.371254,2026-06-28T21:12:07.767493+00:00,98.6,38,ask,,,11568952
2026-06-29T07:12:09.483780,2026-06-28T21:12:09.879493+00:00,99.1,5,ask,,,11568993
2026-06-29T07:12:09.483780,2026-06-28T21:12:09.879493+00:00,98.9,45,ask,,,11568994
2026-06-29T07:12:11.146073,2026-06-28T21:12:11.540493+00:00,99.4,48,bid,,,11569024
2026-06-29T07:12:11.590748,2026-06-28T21:12:11.991493+00:00,99.1,5,ask,,,11569034
2026-06-29T07:12:11.590748,2026-06-28T21:12:11.991493+00:00,98.9,45,ask,,,11569035
2026-06-29T07:12:12.874861,2026-06-28T21:12:13.267628+00:00,99.1,5,ask,,,11569058
2026-06-29T07:12:12.874861,2026-06-28T21:12:13.267628+00:00,98.9,42,ask,,,11569059
2026-06-29T07:12:13.826992,2026-06-28T21:12:14.223871+00:00,99.3,49,bid,,,11569083
2026-06-29T07:12:15.803629,2026-06-28T21:12:16.203433+00:00,99.0,5,ask,,,11569123
2026-06-29T07:12:15.803629,2026-06-28T21:12:16.203433+00:00,99.0,45,ask,,,11569124
2026-06-29T07:12:16.676237,2026-06-28T21:12:17.072433+00:00,99.0,44,ask,,,11569145
2026-06-29T07:12:17.911089,2026-06-28T21:12:18.303656+00:00,99.0,50,ask,,,11569177
2026-06-29T07:12:18.248879,2026-06-28T21:12:18.644655+00:00,99.0,49,bid,,,11569185
2026-06-29T07:12:19.648008,2026-06-28T21:12:20.041189+00:00,99.0,5,bid,,,11569216
2026-06-29T07:12:19.781731,2026-06-28T21:12:20.173189+00:00,99.0,5,bid,,,11569220
2026-06-29T07:12:19.882769,2026-06-28T21:12:20.283190+00:00,99.0,45,bid,,,11569222
2026-06-29T07:12:20.019074,2026-06-28T21:12:20.415190+00:00,98.9,50,ask,,,11569227
2026-06-29T07:12:20.989913,2026-06-28T21:12:21.383190+00:00,98.9,48,ask,,,11569247
2026-06-29T07:12:21.515191,2026-06-28T21:12:21.911189+00:00,99.1,49,ask,,,11569250
2026-06-29T07:12:23.561087,2026-06-28T21:12:23.956325+00:00,99.2,44,bid,,,11569307
2026-06-29T07:12:24.182518,2026-06-28T21:12:24.583325+00:00,99.2,50,bid,,,11569318
2026-06-29T07:12:24.627718,2026-06-28T21:12:25.023325+00:00,99.2,6,bid,,,11569328
2026-06-29T07:12:24.627718,2026-06-28T21:12:25.034325+00:00,99.4,42,bid,,,11569329
2026-06-29T07:12:25.124263,2026-06-28T21:12:25.518336+00:00,99.0,49,ask,,,11569342
2026-06-29T07:12:26.340629,2026-06-28T21:12:26.738927+00:00,99.0,50,ask,,,11569365
2026-06-29T07:12:26.721211,2026-06-28T21:12:27.123935+00:00,99.4,44,bid,,,11569375
2026-06-29T07:12:27.921315,2026-06-28T21:12:28.321588+00:00,99.0,100,ask,,,11569389
2026-06-29T07:12:28.448108,2026-06-28T21:12:28.838589+00:00,99.0,50,ask,,,11569394
2026-06-29T07:12:29.902391,2026-06-28T21:12:30.301588+00:00,98.9,3,ask,,,11569422
2026-06-29T07:12:29.902391,2026-06-28T21:12:30.301588+00:00,98.5,38,ask,,,11569423
2026-06-29T07:12:30.715928,2026-06-28T21:12:31.115588+00:00,98.9,2,ask,,,11569436
2026-06-29T07:12:32.650284,2026-06-28T21:12:33.051696+00:00,98.8,1,bid,,,11569470
2026-06-29T07:12:32.667127,2026-06-28T21:12:33.062696+00:00,98.6,50,ask,,,11569471
2026-06-29T07:12:36.404110,2026-06-28T21:12:36.824339+00:00,98.9,43,bid,,,11569526
2026-06-29T07:12:36.893962,2026-06-28T21:12:37.285340+00:00,98.5,50,ask,,,11569534
2026-06-29T07:12:37.533299,2026-06-28T21:12:37.933578+00:00,98.8,44,bid,,,11569542
2026-06-29T07:12:39.001332,2026-06-28T21:12:39.396598+00:00,98.5,50,ask,,,11569567
2026-06-29T07:12:40.262092,2026-06-28T21:12:40.661131+00:00,98.7,1,bid,,,11569591
2026-06-29T07:12:43.378389,2026-06-28T21:12:43.773248+00:00,98.6,100,ask,,,11569645
2026-06-29T07:12:43.619596,2026-06-28T21:12:44.015248+00:00,98.0,48,ask,,,11569655
2026-06-29T07:12:44.547777,2026-06-28T21:12:44.939248+00:00,98.4,48,bid,,,11569667
2026-06-29T07:12:45.288370,2026-06-28T21:12:45.687248+00:00,98.4,50,bid,,,11569677
2026-06-29T07:12:47.457044,2026-06-28T21:12:47.853530+00:00,98.3,50,ask,,,11569714
2026-06-29T07:12:51.669890,2026-06-28T21:12:52.066551+00:00,98.3,50,ask,,,11569756
2026-06-29T07:12:55.899377,2026-06-28T21:12:56.290224+00:00,98.2,50,ask,,,11569816
2026-06-29T07:12:57.969209,2026-06-28T21:12:58.367992+00:00,98.6,50,bid,,,11569853
2026-06-29T07:13:00.086792,2026-06-28T21:13:00.480012+00:00,98.8,50,bid,,,11569888
2026-06-29T07:13:02.194120,2026-06-28T21:13:02.591547+00:00,98.6,5,bid,,,11569927
2026-06-29T07:13:02.194120,2026-06-28T21:13:02.591547+00:00,98.8,45,bid,,,11569928
2026-06-29T07:13:02.976132,2026-06-28T21:13:03.371675+00:00,98.6,4,ask,,,11569948
2026-06-29T07:13:04.008625,2026-06-28T21:13:04.405666+00:00,98.6,44,ask,,,11569966
2026-06-29T07:13:04.303539,2026-06-28T21:13:04.702675+00:00,98.7,50,bid,,,11569977
2026-06-29T07:13:06.408533,2026-06-28T21:13:06.803715+00:00,98.7,4,bid,,,11570011
2026-06-29T07:13:06.408533,2026-06-28T21:13:06.803715+00:00,98.9,46,bid,,,11570012
2026-06-29T07:13:08.517107,2026-06-28T21:13:08.916952+00:00,98.7,4,bid,,,11570056
2026-06-29T07:13:08.517107,2026-06-28T21:13:08.916952+00:00,98.9,46,bid,,,11570057
2026-06-29T07:13:09.912909,2026-06-28T21:13:10.313485+00:00,98.4,45,ask,,,11570082
2026-06-29T07:13:10.642245,2026-06-28T21:13:11.039485+00:00,98.7,50,bid,,,11570094
2026-06-29T07:13:12.748819,2026-06-28T21:13:13.140310+00:00,98.7,5,bid,,,11570127
2026-06-29T07:13:12.748819,2026-06-28T21:13:13.151321+00:00,98.8,45,bid,,,11570128
2026-06-29T07:13:14.496292,2026-06-28T21:13:14.889329+00:00,98.7,5,bid,,,11570164
2026-06-29T07:13:14.496292,2026-06-28T21:13:14.900329+00:00,98.8,42,bid,,,11570165
2026-06-29T07:13:14.857314,2026-06-28T21:13:15.252320+00:00,98.8,50,bid,,,11570177
2026-06-29T07:13:15.381541,2026-06-28T21:13:15.780329+00:00,98.7,100,ask,,,11570188
2026-06-29T07:13:16.372782,2026-06-28T21:13:16.769905+00:00,98.7,41,ask,,,11570216
2026-06-29T07:13:16.966346,2026-06-28T21:13:17.363905+00:00,98.8,5,bid,,,11570224
2026-06-29T07:13:16.966346,2026-06-28T21:13:17.363905+00:00,99.2,45,bid,,,11570225
2026-06-29T07:13:19.073754,2026-06-28T21:13:19.474551+00:00,98.6,50,bid,,,11570271
2026-06-29T07:13:19.912270,2026-06-28T21:13:20.310560+00:00,98.6,40,bid,,,11570288
2026-06-29T07:13:20.519022,2026-06-28T21:13:20.915559+00:00,98.2,47,ask,,,11570294
2026-06-29T07:13:21.179641,2026-06-28T21:13:21.574559+00:00,98.6,10,bid,,,11570310
2026-06-29T07:13:23.286128,2026-06-28T21:13:23.685038+00:00,98.6,50,bid,,,11570356
2026-06-29T07:13:23.342708,2026-06-28T21:13:23.740038+00:00,98.6,40,bid,,,11570357
2026-06-29T07:13:23.395348,2026-06-28T21:13:23.795039+00:00,98.5,42,ask,,,11570358
2026-06-29T07:13:24.937721,2026-06-28T21:13:25.335029+00:00,98.7,46,bid,,,11570382
2026-06-29T07:13:25.442688,2026-06-28T21:13:25.841038+00:00,98.2,50,ask,,,11570404
2026-06-29T07:13:27.550022,2026-06-28T21:13:27.940763+00:00,98.2,50,ask,,,11570443
2026-06-29T07:13:28.153897,2026-06-28T21:13:28.545763+00:00,98.1,41,ask,,,11570460
2026-06-29T07:13:29.606691,2026-06-28T21:13:29.997774+00:00,98.6,50,bid,,,11570496
2026-06-29T07:13:31.512242,2026-06-28T21:13:31.911316+00:00,98.5,43,bid,,,11570534
2026-06-29T07:13:31.712046,2026-06-28T21:13:32.109316+00:00,98.5,50,bid,,,11570537
2026-06-29T07:13:33.817299,2026-06-28T21:13:34.210421+00:00,98.5,7,bid,,,11570578
2026-06-29T07:13:33.817299,2026-06-28T21:13:34.210421+00:00,98.7,43,bid,,,11570579
2026-06-29T07:13:34.064946,2026-06-28T21:13:34.463422+00:00,98.6,44,ask,,,11570586
2026-06-29T07:13:35.925027,2026-06-28T21:13:36.321427+00:00,98.8,1,bid,,,11570621
2026-06-29T07:13:35.925027,2026-06-28T21:13:36.321427+00:00,99.1,49,bid,,,11570622
2026-06-29T07:13:38.036708,2026-06-28T21:13:38.431972+00:00,98.8,3,bid,,,11570662
2026-06-29T07:13:38.036708,2026-06-28T21:13:38.431972+00:00,99.1,47,bid,,,11570663
2026-06-29T07:13:40.143571,2026-06-28T21:13:40.543972+00:00,99.1,50,bid,,,11570699
2026-06-29T07:13:40.973051,2026-06-28T21:13:41.368973+00:00,98.9,1,ask,,,11570719
2026-06-29T07:13:41.084861,2026-06-28T21:13:41.478973+00:00,98.9,1,ask,,,11570721
2026-06-29T07:13:41.130120,2026-06-28T21:13:41.522973+00:00,98.9,1,ask,,,11570722
2026-06-29T07:13:41.242763,2026-06-28T21:13:41.643972+00:00,98.9,1,ask,,,11570723
2026-06-29T07:13:41.948231,2026-06-28T21:13:42.347973+00:00,98.9,42,ask,,,11570737
2026-06-29T07:13:42.254175,2026-06-28T21:13:42.655993+00:00,99.0,3,bid,,,11570749
2026-06-29T07:13:42.254175,2026-06-28T21:13:42.655993+00:00,99.2,47,bid,,,11570750
2026-06-29T07:13:43.438024,2026-06-28T21:13:43.832128+00:00,98.9,44,ask,,,11570769
2026-06-29T07:13:44.360864,2026-06-28T21:13:44.767470+00:00,99.0,3,bid,,,11570797
2026-06-29T07:13:44.360864,2026-06-28T21:13:44.767470+00:00,99.3,47,bid,,,11570798
2026-06-29T07:13:45.081831,2026-06-28T21:13:45.482469+00:00,99.3,42,bid,,,11570815
2026-06-29T07:13:46.476441,2026-06-28T21:13:46.879024+00:00,99.3,11,bid,,,11570847
2026-06-29T07:13:46.476441,2026-06-28T21:13:46.879024+00:00,99.4,39,bid,,,11570848
2026-06-29T07:13:46.700612,2026-06-28T21:13:47.099025+00:00,99.0,25,ask,,,11570857
2026-06-29T07:13:46.912088,2026-06-28T21:13:47.308025+00:00,99.0,25,ask,,,11570862
2026-06-29T07:13:47.123030,2026-06-28T21:13:47.517025+00:00,99.0,25,ask,,,11570873
2026-06-29T07:13:47.764566,2026-06-28T21:13:48.164635+00:00,99.4,48,bid,,,11570882
2026-06-29T07:13:49.874548,2026-06-28T21:13:50.265169+00:00,98.9,40,ask,,,11570918
2026-06-29T07:13:50.146066,2026-06-28T21:13:50.540169+00:00,99.2,2,bid,,,11570925
2026-06-29T07:13:50.273005,2026-06-28T21:13:50.672169+00:00,99.2,2,ask,,,11570927
2026-06-29T07:13:50.338311,2026-06-28T21:13:50.738161+00:00,99.2,5,ask,,,11570929
2026-06-29T07:13:50.693700,2026-06-28T21:13:51.090169+00:00,99.4,50,bid,,,11570931
2026-06-29T07:13:50.752894,2026-06-28T21:13:51.156169+00:00,99.2,4,ask,,,11570933
2026-06-29T07:13:50.916145,2026-06-28T21:13:51.310169+00:00,99.4,46,bid,,,11570937
2026-06-29T07:13:50.962971,2026-06-28T21:13:51.354169+00:00,99.2,4,ask,,,11570938
2026-06-29T07:13:51.773075,2026-06-28T21:13:52.168169+00:00,99.2,1,ask,,,11570963
2026-06-29T07:13:51.932441,2026-06-28T21:13:52.333169+00:00,99.2,46,ask,,,11570966
2026-06-29T07:13:52.182253,2026-06-28T21:13:52.575169+00:00,99.2,1,ask,,,11570967
2026-06-29T07:13:52.403764,2026-06-28T21:13:52.805435+00:00,99.4,47,bid,,,11570969
2026-06-29T07:13:52.592648,2026-06-28T21:13:52.992434+00:00,99.2,25,ask,,,11570973
2026-06-29T07:13:52.801389,2026-06-28T21:13:53.201425+00:00,99.2,10,ask,,,11570976
2026-06-29T07:13:52.809535,2026-06-28T21:13:53.201425+00:00,99.4,7,bid,,,11570978
2026-06-29T07:13:52.809535,2026-06-28T21:13:53.212434+00:00,99.7,43,bid,,,11570979
2026-06-29T07:13:53.011103,2026-06-28T21:13:53.410434+00:00,99.5,25,ask,,,11570980
2026-06-29T07:13:53.221019,2026-06-28T21:13:53.619434+00:00,99.5,25,ask,,,11570983
2026-06-29T07:13:53.363201,2026-06-28T21:13:53.762426+00:00,99.5,100,ask,,,11570987
2026-06-29T07:13:54.967954,2026-06-28T21:13:55.367912+00:00,98.9,3,ask,,,11571015
2026-06-29T07:13:54.967954,2026-06-28T21:13:55.367912+00:00,98.9,47,ask,,,11571016
2026-06-29T07:13:56.635968,2026-06-28T21:13:57.028480+00:00,99.6,25,ask,,,11571054
2026-06-29T07:13:56.899188,2026-06-28T21:13:57.292489+00:00,99.6,48,ask,,,11571065
2026-06-29T07:13:57.023433,2026-06-28T21:13:57.424489+00:00,99.9,50,bid,,,11571071
2026-06-29T07:13:58.650534,2026-06-28T21:13:59.051624+00:00,99.6,27,ask,,,11571110
2026-06-29T07:13:58.650534,2026-06-28T21:13:59.051624+00:00,99.4,16,ask,,,11571111
2026-06-29T07:14:01.303627,2026-06-28T21:14:01.702158+00:00,99.3,50,ask,,,11571159
2026-06-29T07:14:03.415947,2026-06-28T21:14:03.814294+00:00,99.4,50,ask,,,11571195
2026-06-29T07:14:05.058473,2026-06-28T21:14:05.453295+00:00,99.9,40,bid,,,11571229
2026-06-29T07:14:05.522070,2026-06-28T21:14:05.915294+00:00,99.4,50,ask,,,11571244
2026-06-29T07:14:07.629372,2026-06-28T21:14:08.026101+00:00,99.3,50,ask,,,11571282
2026-06-29T07:14:07.839554,2026-06-28T21:14:08.235101+00:00,99.6,45,bid,,,11571286
2026-06-29T07:14:09.673468,2026-06-28T21:14:10.072110+00:00,99.4,25,bid,,,11571332
2026-06-29T07:14:09.737692,2026-06-28T21:14:10.138110+00:00,99.2,2,ask,,,11571333
2026-06-29T07:14:09.737692,2026-06-28T21:14:10.138110+00:00,99.1,48,ask,,,11571334
2026-06-29T07:14:09.884091,2026-06-28T21:14:10.281110+00:00,99.4,25,bid,,,11571341
2026-06-29T07:14:10.761821,2026-06-28T21:14:11.161130+00:00,99.4,49,bid,,,11571355
2026-06-29T07:14:11.794603,2026-06-28T21:14:12.195121+00:00,99.4,50,bid,,,11571371
2026-06-29T07:14:11.918513,2026-06-28T21:14:12.327121+00:00,99.5,25,ask,,,11571377
2026-06-29T07:14:12.138747,2026-06-28T21:14:12.536121+00:00,99.5,25,ask,,,11571387
2026-06-29T07:14:12.348371,2026-06-28T21:14:12.745120+00:00,99.5,100,ask,,,11571397
2026-06-29T07:14:13.952390,2026-06-28T21:14:14.349869+00:00,99.3,5,ask,,,11571422
2026-06-29T07:14:13.952390,2026-06-28T21:14:14.349869+00:00,98.9,45,ask,,,11571423
2026-06-29T07:14:15.079421,2026-06-28T21:14:15.482869+00:00,99.3,5,ask,,,11571445
2026-06-29T07:14:16.418343,2026-06-28T21:14:16.813485+00:00,99.2,5,ask,,,11571465
2026-06-29T07:14:16.418343,2026-06-28T21:14:16.813485+00:00,99.0,40,ask,,,11571466
2026-06-29T07:14:17.570276,2026-06-28T21:14:17.967688+00:00,99.3,25,bid,,,11571487
2026-06-29T07:14:17.779316,2026-06-28T21:14:18.176688+00:00,99.3,25,bid,,,11571490
2026-06-29T07:14:17.989896,2026-06-28T21:14:18.385688+00:00,99.3,25,bid,,,11571493
2026-06-29T07:14:18.166847,2026-06-28T21:14:18.572688+00:00,99.2,4,ask,,,11571498
2026-06-29T07:14:18.166847,2026-06-28T21:14:18.572688+00:00,99.0,46,ask,,,11571499
2026-06-29T07:14:21.622656,2026-06-28T21:14:22.015241+00:00,99.2,2,ask,,,11571548
2026-06-29T07:14:22.377834,2026-06-28T21:14:22.773357+00:00,99.1,50,ask,,,11571562
2026-06-29T07:14:23.034665,2026-06-28T21:14:23.433357+00:00,99.2,47,bid,,,11571574
2026-06-29T07:14:26.535794,2026-06-28T21:14:26.930924+00:00,99.5,50,bid,,,11571628
2026-06-29T07:14:26.878192,2026-06-28T21:14:27.271924+00:00,99.0,49,ask,,,11571632
2026-06-29T07:14:28.643555,2026-06-28T21:14:29.041215+00:00,99.5,31,bid,,,11571661
2026-06-29T07:14:28.643555,2026-06-28T21:14:29.041215+00:00,99.5,19,bid,,,11571662
2026-06-29T07:14:30.186827,2026-06-28T21:14:30.581215+00:00,99.1,49,ask,,,11571680
2026-06-29T07:14:30.803580,2026-06-28T21:14:31.208215+00:00,99.0,50,ask,,,11571698
2026-06-29T07:14:32.909946,2026-06-28T21:14:33.308825+00:00,98.7,50,ask,,,11571733
2026-06-29T07:14:33.266024,2026-06-28T21:14:33.660826+00:00,99.1,25,bid,,,11571745
2026-06-29T07:14:33.476960,2026-06-28T21:14:33.869826+00:00,99.1,5,bid,,,11571749
2026-06-29T07:14:33.479478,2026-06-28T21:14:33.880825+00:00,99.1,25,bid,,,11571750
2026-06-29T07:14:33.539953,2026-06-28T21:14:33.935825+00:00,99.1,45,bid,,,11571751
2026-06-29T07:14:33.689285,2026-06-28T21:14:34.089834+00:00,99.1,25,bid,,,11571754
2026-06-29T07:14:33.897095,2026-06-28T21:14:34.287835+00:00,99.1,25,bid,,,11571759
2026-06-29T07:14:34.006778,2026-06-28T21:14:34.408834+00:00,99.2,100,bid,,,11571760
2026-06-29T07:14:34.100805,2026-06-28T21:14:34.496359+00:00,99.4,25,ask,,,11571761
2026-06-29T07:14:34.333894,2026-06-28T21:14:34.727360+00:00,99.4,25,ask,,,11571764
2026-06-29T07:14:37.141055,2026-06-28T21:14:37.542949+00:00,99.1,5,ask,,,11571807
2026-06-29T07:14:37.141055,2026-06-28T21:14:37.542949+00:00,99.0,45,ask,,,11571808
2026-06-29T07:14:38.568665,2026-06-28T21:14:38.960938+00:00,99.1,5,ask,,,11571837
2026-06-29T07:14:39.256168,2026-06-28T21:14:39.653472+00:00,99.0,50,ask,,,11571846
2026-06-29T07:14:39.579050,2026-06-28T21:14:39.972472+00:00,99.1,5,ask,,,11571857
2026-06-29T07:14:41.312711,2026-06-28T21:14:41.710472+00:00,99.2,50,bid,,,11571896
2026-06-29T07:14:42.805594,2026-06-28T21:14:43.205038+00:00,99.2,40,bid,,,11571929
2026-06-29T07:14:43.471614,2026-06-28T21:14:43.865038+00:00,99.1,4,ask,,,11571947
2026-06-29T07:14:43.471614,2026-06-28T21:14:43.865038+00:00,98.7,46,ask,,,11571948
2026-06-29T07:14:45.577089,2026-06-28T21:14:45.977058+00:00,98.9,50,ask,,,11571998
2026-06-29T07:14:47.704278,2026-06-28T21:14:48.098380+00:00,98.9,50,ask,,,11572036
2026-06-29T07:14:49.008569,2026-06-28T21:14:49.407380+00:00,98.9,45,ask,,,11572068
2026-06-29T07:14:49.812035,2026-06-28T21:14:50.210380+00:00,98.8,50,ask,,,11572080
2026-06-29T07:14:49.879323,2026-06-28T21:14:50.276380+00:00,98.8,50,ask,,,11572083
2026-06-29T07:14:50.009509,2026-06-28T21:14:50.408380+00:00,98.7,25,bid,,,11572091
2026-06-29T07:14:50.220607,2026-06-28T21:14:50.617380+00:00,98.7,25,bid,,,11572096
2026-06-29T07:14:50.430879,2026-06-28T21:14:50.837380+00:00,98.7,25,bid,,,11572103
2026-06-29T07:14:51.868052,2026-06-28T21:14:52.267380+00:00,98.7,25,bid,,,11572132
2026-06-29T07:14:51.868052,2026-06-28T21:14:52.267380+00:00,98.7,25,bid,,,11572133
2026-06-29T07:14:52.572694,2026-06-28T21:14:52.971514+00:00,98.7,44,bid,,,11572145
2026-06-29T07:14:52.989601,2026-06-28T21:14:53.389514+00:00,98.7,31,bid,,,11572155
2026-06-29T07:14:54.026603,2026-06-28T21:14:54.423534+00:00,98.8,50,ask,,,11572167
2026-06-29T07:14:56.852306,2026-06-28T21:14:57.249616+00:00,99.2,5,bid,,,11572220
2026-06-29T07:14:57.060328,2026-06-28T21:14:57.458615+00:00,99.1,5,bid,,,11572225
2026-06-29T07:14:58.238141,2026-06-28T21:14:58.634158+00:00,98.8,50,ask,,,11572256
2026-06-29T07:15:00.343881,2026-06-28T21:15:00.735178+00:00,98.7,50,ask,,,11572289
2026-06-29T07:15:01.383859,2026-06-28T21:15:01.779693+00:00,98.7,45,ask,,,11572312
2026-06-29T07:15:02.450393,2026-06-28T21:15:02.846811+00:00,98.7,5,ask,,,11572333
2026-06-29T07:15:04.559281,2026-06-28T21:15:04.958830+00:00,98.5,50,ask,,,11572372
2026-06-29T07:15:05.283297,2026-06-28T21:15:05.684839+00:00,98.9,1,bid,,,11572382
2026-06-29T07:15:05.712764,2026-06-28T21:15:06.112945+00:00,98.8,1,ask,,,11572392
2026-06-29T07:15:05.800949,2026-06-28T21:15:06.200945+00:00,98.7,1,bid,,,11572395
2026-06-29T07:15:05.918904,2026-06-28T21:15:06.310945+00:00,98.7,1,bid,,,11572396
2026-06-29T07:15:06.035710,2026-06-28T21:15:06.442945+00:00,98.7,1,bid,,,11572400
2026-06-29T07:15:06.052332,2026-06-28T21:15:06.453945+00:00,98.7,1,bid,,,11572402
2026-06-29T07:15:06.271910,2026-06-28T21:15:06.662945+00:00,98.7,1,bid,,,11572406
2026-06-29T07:15:06.302009,2026-06-28T21:15:06.695945+00:00,98.7,1,bid,,,11572409
2026-06-29T07:15:06.330106,2026-06-28T21:15:06.728945+00:00,98.7,1,bid,,,11572410
2026-06-29T07:15:06.511266,2026-06-28T21:15:06.915945+00:00,98.7,1,bid,,,11572412
2026-06-29T07:15:06.534201,2026-06-28T21:15:06.926945+00:00,98.7,1,bid,,,11572413
2026-06-29T07:15:06.668739,2026-06-28T21:15:07.069340+00:00,98.4,50,ask,,,11572414
2026-06-29T07:15:06.998033,2026-06-28T21:15:07.399340+00:00,98.7,1,bid,,,11572418
2026-06-29T07:15:07.044333,2026-06-28T21:15:07.443340+00:00,98.7,1,bid,,,11572419
2026-06-29T07:15:08.053960,2026-06-28T21:15:08.453578+00:00,98.7,2,bid,,,11572441
2026-06-29T07:15:08.723024,2026-06-28T21:15:09.124598+00:00,98.7,50,bid,,,11572455
2026-06-29T07:15:10.880992,2026-06-28T21:15:11.280131+00:00,98.6,50,ask,,,11572488
2026-06-29T07:15:12.989258,2026-06-28T21:15:13.380683+00:00,98.6,2,ask,,,11572537
2026-06-29T07:15:12.989258,2026-06-28T21:15:13.391683+00:00,98.5,48,ask,,,11572538
2026-06-29T07:15:15.046080,2026-06-28T21:15:15.437694+00:00,98.9,50,bid,,,11572579
2026-06-29T07:15:17.152174,2026-06-28T21:15:17.549262+00:00,98.9,50,bid,,,11572614
2026-06-29T07:15:18.277974,2026-06-28T21:15:18.669973+00:00,98.9,1,bid,,,11572630
2026-06-29T07:15:18.277974,2026-06-28T21:15:18.680973+00:00,99.1,48,bid,,,11572631
2026-06-29T07:15:19.259198,2026-06-28T21:15:19.659506+00:00,99.0,50,bid,,,11572653
2026-06-29T07:15:19.741792,2026-06-28T21:15:20.143506+00:00,98.7,48,ask,,,11572664
2026-06-29T07:15:21.369447,2026-06-28T21:15:21.771497+00:00,98.9,3,bid,,,11572692
2026-06-29T07:15:21.369447,2026-06-28T21:15:21.771497+00:00,99.0,47,bid,,,11572693
2026-06-29T07:15:21.484648,2026-06-28T21:15:21.881506+00:00,98.9,3,bid,,,11572694
2026-06-29T07:15:21.509601,2026-06-28T21:15:21.903506+00:00,98.9,3,ask,,,11572695
2026-06-29T07:15:23.478219,2026-06-28T21:15:23.882666+00:00,99.0,2,bid,,,11572729
2026-06-29T07:15:23.478219,2026-06-28T21:15:23.882666+00:00,99.1,48,bid,,,11572730
2026-06-29T07:15:24.667164,2026-06-28T21:15:25.059666+00:00,99.0,3,bid,,,11572753
2026-06-29T07:15:24.667164,2026-06-28T21:15:25.070666+00:00,99.1,40,bid,,,11572754
2026-06-29T07:15:24.724284,2026-06-28T21:15:25.125666+00:00,98.7,41,ask,,,11572755
2026-06-29T07:15:25.643081,2026-06-28T21:15:26.038686+00:00,98.7,50,ask,,,11572770
2026-06-29T07:15:27.697794,2026-06-28T21:15:28.115877+00:00,99.0,5,bid,,,11572807
2026-06-29T07:15:27.697794,2026-06-28T21:15:28.115877+00:00,99.2,45,bid,,,11572808
2026-06-29T07:15:27.869960,2026-06-28T21:15:28.269877+00:00,98.7,100,ask,,,11572809
2026-06-29T07:15:29.803786,2026-06-28T21:15:30.205877+00:00,98.6,50,bid,,,11572837
2026-06-29T07:15:30.979554,2026-06-28T21:15:31.371898+00:00,98.6,50,bid,,,11572857
2026-06-29T07:15:31.910389,2026-06-28T21:15:32.306897+00:00,98.9,50,bid,,,11572876
2026-06-29T07:15:34.067391,2026-06-28T21:15:34.462574+00:00,98.6,50,ask,,,11572912
2026-06-29T07:15:36.122375,2026-06-28T21:15:36.519626+00:00,98.7,50,bid,,,11572967
2026-06-29T07:15:37.828175,2026-06-28T21:15:38.223858+00:00,98.7,42,ask,,,11572997
2026-06-29T07:15:38.228000,2026-06-28T21:15:38.619403+00:00,99.0,4,bid,,,11573012
2026-06-29T07:15:38.228000,2026-06-28T21:15:38.630402+00:00,99.0,46,bid,,,11573013
