timestamp,recv_time,price,volume,aggressor_side,buyer,seller,trade_id
2026-06-30T12:00:00.591253,2026-06-30T02:00:01.511141+00:00,70.0,50,bid,,,81934
2026-06-30T12:00:00.892238,2026-06-30T02:00:01.817377+00:00,69.7,100,ask,,,81940
2026-06-30T12:00:02.469256,2026-06-30T02:00:03.387296+00:00,69.7,100,ask,,,81956
2026-06-30T12:00:02.518058,2026-06-30T02:00:03.441745+00:00,69.7,45,ask,,,81957
2026-06-30T12:00:02.698253,2026-06-30T02:00:03.615411+00:00,69.9,50,bid,,,81960
2026-06-30T12:00:04.090746,2026-06-30T02:00:05.011779+00:00,69.9,43,bid,,,81973
2026-06-30T12:00:04.620547,2026-06-30T02:00:05.547128+00:00,69.9,7,bid,,,81982
2026-06-30T12:00:04.620547,2026-06-30T02:00:05.547128+00:00,70.2,38,bid,,,81983
2026-06-30T12:00:06.958498,2026-06-30T02:00:07.885487+00:00,69.7,50,ask,,,82014
2026-06-30T12:00:08.954796,2026-06-30T02:00:09.878593+00:00,69.4,49,ask,,,82033
2026-06-30T12:00:09.065778,2026-06-30T02:00:09.987280+00:00,69.4,50,ask,,,82036
2026-06-30T12:00:09.483148,2026-06-30T02:00:10.401152+00:00,69.7,46,bid,,,82047
2026-06-30T12:00:11.172958,2026-06-30T02:00:12.098256+00:00,69.4,1,ask,,,82063
2026-06-30T12:00:11.172958,2026-06-30T02:00:12.098256+00:00,69.2,49,ask,,,82064
2026-06-30T12:00:12.136481,2026-06-30T02:00:13.057296+00:00,69.3,45,ask,,,82082
2026-06-30T12:00:13.280087,2026-06-30T02:00:14.198821+00:00,69.3,50,ask,,,82091
2026-06-30T12:00:14.481126,2026-06-30T02:00:15.405870+00:00,69.3,100,ask,,,82106
2026-06-30T12:00:15.399312,2026-06-30T02:00:16.319002+00:00,68.8,50,ask,,,82110
2026-06-30T12:00:15.399422,2026-06-30T02:00:16.319002+00:00,69.3,47,bid,,,82111
2026-06-30T12:00:15.929446,2026-06-30T02:00:16.852055+00:00,69.3,44,bid,,,82116
2026-06-30T12:00:16.443280,2026-06-30T02:00:17.363071+00:00,68.8,44,ask,,,82122
2026-06-30T12:00:17.505053,2026-06-30T02:00:18.427692+00:00,68.8,6,ask,,,82134
2026-06-30T12:00:17.505053,2026-06-30T02:00:18.427692+00:00,68.8,44,ask,,,82135
2026-06-30T12:00:18.464000,2026-06-30T02:00:19.384190+00:00,69.0,48,ask,,,82151
2026-06-30T12:00:19.614086,2026-06-30T02:00:20.538467+00:00,69.0,50,ask,,,82162
2026-06-30T12:00:20.843040,2026-06-30T02:00:21.769810+00:00,69.1,100,bid,,,82177
2026-06-30T12:00:21.365852,2026-06-30T02:00:22.288229+00:00,69.1,100,bid,,,82179
2026-06-30T12:00:21.720486,2026-06-30T02:00:22.637535+00:00,68.6,50,ask,,,82188
2026-06-30T12:00:23.829645,2026-06-30T02:00:24.756056+00:00,68.6,50,ask,,,82211
2026-06-30T12:00:25.885071,2026-06-30T02:00:26.807208+00:00,69.3,50,bid,,,82243
2026-06-30T12:00:26.949010,2026-06-30T02:00:27.874401+00:00,69.3,44,bid,,,82262
2026-06-30T12:00:27.990518,2026-06-30T02:00:28.908051+00:00,69.5,50,bid,,,82276
2026-06-30T12:00:30.146562,2026-06-30T02:00:31.070108+00:00,69.0,50,ask,,,82303
2026-06-30T12:00:31.120945,2026-06-30T02:00:32.048792+00:00,69.4,48,bid,,,82311
2026-06-30T12:00:32.252035,2026-06-30T02:00:33.178423+00:00,69.0,50,ask,,,82322
2026-06-30T12:00:34.360439,2026-06-30T02:00:35.288099+00:00,69.1,50,ask,,,82347
2026-06-30T12:00:36.465391,2026-06-30T02:00:37.388145+00:00,69.1,50,ask,,,82371
2026-06-30T12:00:38.571627,2026-06-30T02:00:39.498031+00:00,69.0,50,ask,,,82405
2026-06-30T12:00:38.617188,2026-06-30T02:00:39.542298+00:00,69.0,49,ask,,,82406
2026-06-30T12:00:39.162090,2026-06-30T02:00:40.087402+00:00,69.1,43,bid,,,82415
2026-06-30T12:00:40.092550,2026-06-30T02:00:41.011148+00:00,69.1,25,bid,,,82421
2026-06-30T12:00:40.192355,2026-06-30T02:00:41.109821+00:00,68.7,42,ask,,,82422
2026-06-30T12:00:40.679858,2026-06-30T02:00:41.597564+00:00,69.1,50,ask,,,82424
2026-06-30T12:00:41.298712,2026-06-30T02:00:42.218489+00:00,69.2,41,bid,,,82430
2026-06-30T12:00:42.341563,2026-06-30T02:00:43.264107+00:00,69.1,45,ask,,,82442
2026-06-30T12:00:42.786273,2026-06-30T02:00:43.710689+00:00,69.1,50,ask,,,82449
2026-06-30T12:00:44.892313,2026-06-30T02:00:45.818915+00:00,68.7,50,ask,,,82473
2026-06-30T12:00:45.105564,2026-06-30T02:00:46.026237+00:00,69.0,25,bid,,,82475
2026-06-30T12:00:45.640358,2026-06-30T02:00:46.557924+00:00,69.0,48,bid,,,82482
2026-06-30T12:00:46.248612,2026-06-30T02:00:47.179617+00:00,69.0,42,bid,,,82491
2026-06-30T12:00:46.301839,2026-06-30T02:00:47.223813+00:00,68.6,41,ask,,,82492
2026-06-30T12:00:47.343150,2026-06-30T02:00:48.267429+00:00,69.0,45,ask,,,82503
2026-06-30T12:00:47.940628,2026-06-30T02:00:48.865050+00:00,69.1,47,bid,,,82506
2026-06-30T12:00:49.049158,2026-06-30T02:00:49.976029+00:00,69.1,50,bid,,,82524
2026-06-30T12:00:50.118600,2026-06-30T02:00:51.043807+00:00,69.0,25,bid,,,82534
2026-06-30T12:00:51.001091,2026-06-30T02:00:51.933022+00:00,68.6,43,ask,,,82542
2026-06-30T12:00:51.155578,2026-06-30T02:00:52.074947+00:00,69.0,50,bid,,,82545
2026-06-30T12:00:52.929073,2026-06-30T02:00:53.849630+00:00,69.1,100,bid,,,82562
2026-06-30T12:00:53.262759,2026-06-30T02:00:54.185377+00:00,69.6,50,bid,,,82570
2026-06-30T12:00:53.674531,2026-06-30T02:00:54.599942+00:00,69.1,40,ask,,,82577
2026-06-30T12:00:54.281562,2026-06-30T02:00:55.198758+00:00,69.1,10,ask,,,82588
2026-06-30T12:00:55.374412,2026-06-30T02:00:56.300014+00:00,69.6,50,bid,,,82602
2026-06-30T12:00:57.479157,2026-06-30T02:00:58.397284+00:00,69.2,50,bid,,,82626
2026-06-30T12:00:57.829888,2026-06-30T02:00:58.756261+00:00,69.2,41,bid,,,82638
2026-06-30T12:00:58.709126,2026-06-30T02:00:59.638150+00:00,69.2,100,bid,,,82654
2026-06-30T12:00:59.587543,2026-06-30T02:01:00.518901+00:00,69.7,50,bid,,,82658
2026-06-30T12:01:01.694573,2026-06-30T02:01:02.618162+00:00,69.7,50,bid,,,82690
2026-06-30T12:01:03.804218,2026-06-30T02:01:04.728130+00:00,69.8,50,bid,,,82728
2026-06-30T12:01:04.544995,2026-06-30T02:01:05.468304+00:00,69.4,46,ask,,,82736
2026-06-30T12:01:05.465577,2026-06-30T02:01:06.393027+00:00,69.8,45,bid,,,82752
2026-06-30T12:01:05.914096,2026-06-30T02:01:06.838075+00:00,69.8,50,bid,,,82760
2026-06-30T12:01:07.095718,2026-06-30T02:01:08.020113+00:00,69.4,43,ask,,,82777
2026-06-30T12:01:08.020009,2026-06-30T02:01:08.943911+00:00,69.8,5,bid,,,82787
2026-06-30T12:01:08.020009,2026-06-30T02:01:08.943911+00:00,69.9,45,bid,,,82788
2026-06-30T12:01:08.526226,2026-06-30T02:01:09.445320+00:00,69.9,41,bid,,,82794
2026-06-30T12:01:10.127136,2026-06-30T02:01:11.055337+00:00,69.9,50,bid,,,82815
2026-06-30T12:01:10.143943,2026-06-30T02:01:11.066399+00:00,69.8,25,ask,,,82817
2026-06-30T12:01:11.092724,2026-06-30T02:01:12.011861+00:00,69.9,41,bid,,,82830
2026-06-30T12:01:11.964091,2026-06-30T02:01:12.893265+00:00,69.9,150,ask,,,82841
2026-06-30T12:01:12.232446,2026-06-30T02:01:13.154037+00:00,70.3,50,bid,,,82844
2026-06-30T12:01:14.350040,2026-06-30T02:01:15.276174+00:00,70.3,50,bid,,,82862
2026-06-30T12:01:14.555748,2026-06-30T02:01:15.479717+00:00,70.1,50,ask,,,82867
2026-06-30T12:01:15.117708,2026-06-30T02:01:16.035425+00:00,70.1,50,ask,,,82878
2026-06-30T12:01:16.455848,2026-06-30T02:01:17.385152+00:00,69.9,50,bid,,,82896
2026-06-30T12:01:17.699379,2026-06-30T02:01:18.616551+00:00,69.9,50,bid,,,82910
2026-06-30T12:01:18.572349,2026-06-30T02:01:19.497476+00:00,70.4,50,bid,,,82916
2026-06-30T12:01:20.159985,2026-06-30T02:01:21.085240+00:00,70.0,25,ask,,,82931
2026-06-30T12:01:20.680566,2026-06-30T02:01:21.607211+00:00,70.4,50,bid,,,82936
2026-06-30T12:01:24.962186,2026-06-30T02:01:25.880766+00:00,69.8,50,ask,,,82984
2026-06-30T12:01:25.169919,2026-06-30T02:01:26.097747+00:00,69.8,25,ask,,,82987
2026-06-30T12:01:25.602962,2026-06-30T02:01:26.531113+00:00,69.8,25,ask,,,82991
2026-06-30T12:01:25.602962,2026-06-30T02:01:26.531113+00:00,69.6,20,ask,,,82992
2026-06-30T12:01:27.068410,2026-06-30T02:01:27.993965+00:00,69.6,50,ask,,,83002
2026-06-30T12:01:27.581549,2026-06-30T02:01:28.501965+00:00,69.6,40,ask,,,83007
2026-06-30T12:01:28.535808,2026-06-30T02:01:29.459059+00:00,69.9,48,bid,,,83030
2026-06-30T12:01:30.168652,2026-06-30T02:01:31.095589+00:00,69.9,49,bid,,,83056
2026-06-30T12:01:30.222448,2026-06-30T02:01:31.148967+00:00,69.6,44,ask,,,83058
2026-06-30T12:01:31.277610,2026-06-30T02:01:32.205404+00:00,69.8,50,ask,,,83071
2026-06-30T12:01:33.895055,2026-06-30T02:01:34.822158+00:00,70.0,40,bid,,,83109
2026-06-30T12:01:35.487194,2026-06-30T02:01:36.415009+00:00,69.9,50,ask,,,83130
2026-06-30T12:01:37.082416,2026-06-30T02:01:38.005206+00:00,69.9,47,ask,,,83146
2026-06-30T12:01:37.592870,2026-06-30T02:01:38.515073+00:00,69.7,50,ask,,,83152
2026-06-30T12:01:38.605662,2026-06-30T02:01:39.525061+00:00,70.0,44,bid,,,83160
2026-06-30T12:01:38.663388,2026-06-30T02:01:39.588589+00:00,69.7,48,ask,,,83162
2026-06-30T12:01:39.648119,2026-06-30T02:01:40.568159+00:00,70.0,50,bid,,,83174
2026-06-30T12:01:40.390923,2026-06-30T02:01:41.311934+00:00,69.9,100,ask,,,83181
2026-06-30T12:01:40.395169,2026-06-30T02:01:41.323006+00:00,69.7,50,bid,,,83182
2026-06-30T12:01:43.021388,2026-06-30T02:01:43.940192+00:00,69.8,45,ask,,,83220
2026-06-30T12:01:43.480856,2026-06-30T02:01:44.407251+00:00,70.3,46,bid,,,83221
2026-06-30T12:01:43.907250,2026-06-30T02:01:44.831136+00:00,69.9,50,ask,,,83228
2026-06-30T12:01:44.130602,2026-06-30T02:01:45.048061+00:00,70.3,43,bid,,,83232
2026-06-30T12:01:44.183986,2026-06-30T02:01:45.102937+00:00,69.9,48,ask,,,83233
2026-06-30T12:01:46.016775,2026-06-30T02:01:46.939933+00:00,69.9,50,ask,,,83251
2026-06-30T12:01:46.711090,2026-06-30T02:01:47.637226+00:00,70.0,100,ask,,,83260
2026-06-30T12:01:46.719271,2026-06-30T02:01:47.637226+00:00,69.8,50,bid,,,83261
2026-06-30T12:01:48.122900,2026-06-30T02:01:49.050864+00:00,69.3,50,ask,,,83273
2026-06-30T12:01:50.176957,2026-06-30T02:01:51.097371+00:00,70.0,50,bid,,,83293
2026-06-30T12:01:51.158375,2026-06-30T02:01:52.077505+00:00,70.0,44,bid,,,83308
2026-06-30T12:01:54.387201,2026-06-30T02:01:55.312074+00:00,70.0,50,bid,,,83339
2026-06-30T12:01:58.436407,2026-06-30T02:01:59.357275+00:00,69.6,45,ask,,,83390
2026-06-30T12:01:58.598730,2026-06-30T02:01:59.519920+00:00,70.1,50,bid,,,83392
2026-06-30T12:02:00.718109,2026-06-30T02:02:01.640797+00:00,70.2,50,bid,,,83424
2026-06-30T12:02:02.824540,2026-06-30T02:02:03.747971+00:00,70.3,50,bid,,,83451
2026-06-30T12:02:03.048524,2026-06-30T02:02:03.977442+00:00,70.0,100,ask,,,83455
2026-06-30T12:02:06.119320,2026-06-30T02:02:07.046302+00:00,70.0,41,bid,,,83486
2026-06-30T12:02:08.326283,2026-06-30T02:02:09.250887+00:00,69.9,44,ask,,,83511
2026-06-30T12:02:11.247280,2026-06-30T02:02:12.168906+00:00,70.1,50,bid,,,83542
2026-06-30T12:02:13.354378,2026-06-30T02:02:14.277772+00:00,70.3,50,bid,,,83562
2026-06-30T12:02:13.579268,2026-06-30T02:02:14.507302+00:00,70.0,47,ask,,,83564
2026-06-30T12:02:15.460392,2026-06-30T02:02:16.386231+00:00,70.4,50,bid,,,83588
2026-06-30T12:02:16.685448,2026-06-30T02:02:17.607183+00:00,70.4,42,bid,,,83607
2026-06-30T12:02:17.620442,2026-06-30T02:02:18.542223+00:00,69.9,50,ask,,,83615
2026-06-30T12:02:18.420785,2026-06-30T02:02:19.348273+00:00,69.9,43,ask,,,83625
2026-06-30T12:02:20.971956,2026-06-30T02:02:21.900302+00:00,70.1,42,bid,,,83662
2026-06-30T12:02:21.779029,2026-06-30T02:02:22.697202+00:00,70.3,50,bid,,,83673
2026-06-30T12:02:23.884813,2026-06-30T02:02:24.804265+00:00,70.3,50,bid,,,83700
2026-06-30T12:02:26.046943,2026-06-30T02:02:26.968401+00:00,70.3,50,ask,,,83734
2026-06-30T12:02:28.105597,2026-06-30T02:02:29.025168+00:00,70.5,50,bid,,,83758
2026-06-30T12:02:28.870801,2026-06-30T02:02:29.797410+00:00,70.1,42,ask,,,83768
2026-06-30T12:02:29.506452,2026-06-30T02:02:30.427970+00:00,70.5,43,bid,,,83772
2026-06-30T12:02:30.211070,2026-06-30T02:02:31.136114+00:00,70.5,7,bid,,,83778
2026-06-30T12:02:30.211070,2026-06-30T02:02:31.136114+00:00,70.6,43,bid,,,83779
2026-06-30T12:02:32.319089,2026-06-30T02:02:33.245012+00:00,70.9,50,bid,,,83804
2026-06-30T12:02:32.529001,2026-06-30T02:02:33.449889+00:00,70.5,43,ask,,,83805
2026-06-30T12:02:33.049511,2026-06-30T02:02:33.970939+00:00,70.5,47,ask,,,83815
2026-06-30T12:02:34.148157,2026-06-30T02:02:35.070948+00:00,70.8,100,ask,,,83836
2026-06-30T12:02:34.425026,2026-06-30T02:02:35.345300+00:00,70.7,50,bid,,,83839
2026-06-30T12:02:36.240815,2026-06-30T02:02:37.168941+00:00,71.3,40,bid,,,83863
2026-06-30T12:02:37.126326,2026-06-30T02:02:38.048843+00:00,71.1,49,bid,,,83872
2026-06-30T12:02:38.636100,2026-06-30T02:02:39.561120+00:00,71.1,50,bid,,,83886
2026-06-30T12:02:40.741466,2026-06-30T02:02:41.663008+00:00,71.2,50,bid,,,83917
2026-06-30T12:02:42.848120,2026-06-30T02:02:43.770190+00:00,71.2,50,bid,,,83944
2026-06-30T12:02:42.922949,2026-06-30T02:02:43.847661+00:00,70.8,44,ask,,,83945
2026-06-30T12:02:44.956148,2026-06-30T02:02:45.878752+00:00,71.3,50,bid,,,83969
2026-06-30T12:02:47.181823,2026-06-30T02:02:48.106112+00:00,71.3,49,ask,,,83996
2026-06-30T12:02:47.793675,2026-06-30T02:02:48.714211+00:00,71.3,41,ask,,,84002
2026-06-30T12:02:49.176963,2026-06-30T02:02:50.102015+00:00,71.4,50,bid,,,84026
2026-06-30T12:02:50.465792,2026-06-30T02:02:51.390095+00:00,71.4,48,bid,,,84042
2026-06-30T12:02:51.119688,2026-06-30T02:02:52.042912+00:00,71.2,43,ask,,,84047
2026-06-30T12:02:51.282701,2026-06-30T02:02:52.207538+00:00,71.4,50,bid,,,84052
2026-06-30T12:02:53.440275,2026-06-30T02:02:54.364185+00:00,71.2,50,ask,,,84075
2026-06-30T12:02:55.545334,2026-06-30T02:02:56.467332+00:00,71.2,50,ask,,,84102
2026-06-30T12:02:55.693640,2026-06-30T02:02:56.618450+00:00,71.7,45,bid,,,84108
2026-06-30T12:02:56.661836,2026-06-30T02:02:57.584425+00:00,70.9,40,ask,,,84124
2026-06-30T12:02:57.657994,2026-06-30T02:02:58.583209+00:00,70.9,50,ask,,,84139
2026-06-30T12:02:59.765197,2026-06-30T02:03:00.687310+00:00,71.2,50,ask,,,84162
2026-06-30T12:03:00.753718,2026-06-30T02:03:01.672123+00:00,71.4,48,bid,,,84175
2026-06-30T12:03:02.454433,2026-06-30T02:03:03.383202+00:00,71.2,42,ask,,,84198
2026-06-30T12:03:03.973699,2026-06-30T02:03:04.899058+00:00,71.0,50,ask,,,84222
2026-06-30T12:03:05.759916,2026-06-30T02:03:06.683062+00:00,71.3,41,bid,,,84239
2026-06-30T12:03:08.148317,2026-06-30T02:03:09.066067+00:00,71.3,50,bid,,,84265
2026-06-30T12:03:08.915756,2026-06-30T02:03:09.834327+00:00,71.6,43,bid,,,84279
2026-06-30T12:03:08.968627,2026-06-30T02:03:09.898264+00:00,71.1,41,ask,,,84280
2026-06-30T12:03:10.320606,2026-06-30T02:03:11.243115+00:00,71.1,50,ask,,,84298
2026-06-30T12:03:11.612471,2026-06-30T02:03:12.538736+00:00,71.3,49,bid,,,84314
2026-06-30T12:03:12.425552,2026-06-30T02:03:13.344158+00:00,71.1,50,ask,,,84328
2026-06-30T12:03:12.818444,2026-06-30T02:03:13.746366+00:00,71.1,47,ask,,,84342
2026-06-30T12:03:14.241432,2026-06-30T02:03:15.161813+00:00,71.1,3,ask,,,84353
2026-06-30T12:03:14.241432,2026-06-30T02:03:15.161813+00:00,71.1,46,ask,,,84354
2026-06-30T12:03:14.531076,2026-06-30T02:03:15.455900+00:00,71.1,50,ask,,,84361
2026-06-30T12:03:14.753974,2026-06-30T02:03:15.673921+00:00,71.1,54,ask,,,84372
2026-06-30T12:03:16.636792,2026-06-30T02:03:17.562077+00:00,70.6,50,ask,,,84387
2026-06-30T12:03:17.862393,2026-06-30T02:03:18.787151+00:00,70.8,100,bid,,,84407
2026-06-30T12:03:18.691496,2026-06-30T02:03:19.612174+00:00,71.3,50,bid,,,84421
2026-06-30T12:03:19.865278,2026-06-30T02:03:20.785163+00:00,71.3,46,bid,,,84437
2026-06-30T12:03:20.447502,2026-06-30T02:03:21.373122+00:00,71.3,4,bid,,,84449
2026-06-30T12:03:20.447502,2026-06-30T02:03:21.373122+00:00,71.4,44,bid,,,84450
2026-06-30T12:03:20.847854,2026-06-30T02:03:21.776386+00:00,70.9,50,ask,,,84456
2026-06-30T12:03:21.622458,2026-06-30T02:03:22.546629+00:00,71.1,41,ask,,,84469
2026-06-30T12:03:22.953021,2026-06-30T02:03:23.871788+00:00,71.1,50,ask,,,84478
2026-06-30T12:03:24.233653,2026-06-30T02:03:25.157355+00:00,71.1,100,ask,,,84497
2026-06-30T12:03:24.628270,2026-06-30T02:03:25.547535+00:00,71.6,41,bid,,,84508
2026-06-30T12:03:25.058610,2026-06-30T02:03:25.979665+00:00,70.7,50,ask,,,84511
2026-06-30T12:03:27.164625,2026-06-30T02:03:28.088446+00:00,70.7,50,ask,,,84543
2026-06-30T12:03:27.921494,2026-06-30T02:03:28.851121+00:00,70.8,100,ask,,,84549
2026-06-30T12:03:28.236895,2026-06-30T02:03:29.157176+00:00,70.7,46,bid,,,84554
2026-06-30T12:03:29.754519,2026-06-30T02:03:30.677885+00:00,70.7,4,bid,,,84575
2026-06-30T12:03:31.322993,2026-06-30T02:03:32.243012+00:00,71.2,50,bid,,,84597
2026-06-30T12:03:33.479506,2026-06-30T02:03:34.397330+00:00,70.9,50,ask,,,84615
2026-06-30T12:03:34.712271,2026-06-30T02:03:35.634220+00:00,70.6,46,ask,,,84632
2026-06-30T12:03:35.195911,2026-06-30T02:03:36.114274+00:00,71.1,47,bid,,,84637
2026-06-30T12:03:35.585610,2026-06-30T02:03:36.505354+00:00,70.6,50,ask,,,84649
2026-06-30T12:03:37.444073,2026-06-30T02:03:38.364994+00:00,70.6,43,ask,,,84666
2026-06-30T12:03:37.691576,2026-06-30T02:03:38.616267+00:00,70.6,50,ask,,,84671
2026-06-30T12:03:39.325660,2026-06-30T02:03:40.247190+00:00,70.6,45,ask,,,84689
2026-06-30T12:03:40.300959,2026-06-30T02:03:41.226382+00:00,71.1,44,bid,,,84705
2026-06-30T12:03:40.585790,2026-06-30T02:03:41.508442+00:00,70.6,100,ask,,,84709
2026-06-30T12:03:41.308509,2026-06-30T02:03:42.237858+00:00,70.6,50,bid,,,84718
2026-06-30T12:03:41.851992,2026-06-30T02:03:42.771974+00:00,71.1,50,bid,,,84725
2026-06-30T12:03:42.820992,2026-06-30T02:03:43.749744+00:00,71.1,45,bid,,,84738
2026-06-30T12:03:43.956819,2026-06-30T02:03:44.883345+00:00,71.2,50,bid,,,84757
2026-06-30T12:03:45.484018,2026-06-30T02:03:46.405378+00:00,71.0,43,ask,,,84780
2026-06-30T12:03:46.546944,2026-06-30T02:03:47.471223+00:00,71.0,50,ask,,,84791
2026-06-30T12:03:48.520980,2026-06-30T02:03:49.447771+00:00,71.1,45,bid,,,84819
2026-06-30T12:03:48.573816,2026-06-30T02:03:49.501196+00:00,70.9,45,ask,,,84820
2026-06-30T12:03:50.352221,2026-06-30T02:03:51.277561+00:00,70.8,50,ask,,,84853
2026-06-30T12:03:51.345445,2026-06-30T02:03:52.269048+00:00,71.2,40,bid,,,84864
2026-06-30T12:03:52.458993,2026-06-30T02:03:53.377462+00:00,70.8,50,ask,,,84886
2026-06-30T12:03:54.565396,2026-06-30T02:03:55.485128+00:00,70.6,50,ask,,,84915
2026-06-30T12:03:56.621046,2026-06-30T02:03:57.550116+00:00,70.8,50,bid,,,84935
2026-06-30T12:03:58.728454,2026-06-30T02:03:59.648781+00:00,70.8,50,bid,,,84969
2026-06-30T12:04:00.834714,2026-06-30T02:04:01.754280+00:00,71.1,50,bid,,,84992
2026-06-30T12:04:02.399209,2026-06-30T02:04:03.319942+00:00,70.7,46,ask,,,85012
2026-06-30T12:04:02.922853,2026-06-30T02:04:03.852114+00:00,70.6,42,ask,,,85016
2026-06-30T12:04:02.941785,2026-06-30T02:04:03.863196+00:00,70.9,50,bid,,,85017
2026-06-30T12:04:03.922914,2026-06-30T02:04:04.841780+00:00,70.9,46,bid,,,85028
2026-06-30T12:04:05.050528,2026-06-30T02:04:05.972055+00:00,70.9,50,bid,,,85043
2026-06-30T12:04:05.836268,2026-06-30T02:04:06.757513+00:00,71.1,100,bid,,,85060
2026-06-30T12:04:07.049380,2026-06-30T02:04:07.977222+00:00,71.1,49,ask,,,85070
2026-06-30T12:04:07.550118,2026-06-30T02:04:08.474068+00:00,71.1,1,ask,,,85075
2026-06-30T12:04:09.058240,2026-06-30T02:04:09.991132+00:00,70.8,100,ask,,,85095
2026-06-30T12:04:09.261782,2026-06-30T02:04:10.187395+00:00,70.7,50,bid,,,85098
2026-06-30T12:04:10.617721,2026-06-30T02:04:11.537174+00:00,71.3,48,bid,,,85119
2026-06-30T12:04:11.417379,2026-06-30T02:04:12.346092+00:00,70.2,50,ask,,,85129
2026-06-30T12:04:13.249353,2026-06-30T02:04:14.172056+00:00,71.2,46,bid,,,85145
2026-06-30T12:04:13.522866,2026-06-30T02:04:14.444389+00:00,70.9,50,ask,,,85149
2026-06-30T12:04:15.249676,2026-06-30T02:04:16.168856+00:00,71.0,45,ask,,,85172
2026-06-30T12:04:15.629757,2026-06-30T02:04:16.558572+00:00,71.0,50,ask,,,85177
2026-06-30T12:04:16.390404,2026-06-30T02:04:17.312911+00:00,71.4,46,bid,,,85186
2026-06-30T12:04:17.736855,2026-06-30T02:04:18.662318+00:00,71.0,5,ask,,,85200
2026-06-30T12:04:17.736855,2026-06-30T02:04:18.662318+00:00,70.9,45,ask,,,85201
2026-06-30T12:04:18.017661,2026-06-30T02:04:18.936117+00:00,70.9,45,ask,,,85204
2026-06-30T12:04:19.843238,2026-06-30T02:04:20.772346+00:00,70.5,50,ask,,,85230
2026-06-30T12:04:21.948895,2026-06-30T02:04:22.868224+00:00,70.8,50,ask,,,85249
2026-06-30T12:04:22.673004,2026-06-30T02:04:23.598074+00:00,70.8,44,ask,,,85261
2026-06-30T12:04:23.209035,2026-06-30T02:04:24.127657+00:00,71.2,40,bid,,,85269
2026-06-30T12:04:24.055103,2026-06-30T02:04:24.984434+00:00,70.8,50,ask,,,85281
2026-06-30T12:04:24.857806,2026-06-30T02:04:25.779933+00:00,70.7,100,ask,,,85294
2026-06-30T12:04:24.866771,2026-06-30T02:04:25.790997+00:00,70.4,50,bid,,,85295
2026-06-30T12:04:26.161514,2026-06-30T02:04:27.084221+00:00,69.9,50,ask,,,85317
2026-06-30T12:04:26.222850,2026-06-30T02:04:27.148668+00:00,71.2,41,bid,,,85319
2026-06-30T12:04:28.268707,2026-06-30T02:04:29.190078+00:00,70.4,50,ask,,,85336
2026-06-30T12:04:28.275540,2026-06-30T02:04:29.201141+00:00,70.9,46,bid,,,85337
2026-06-30T12:04:28.328560,2026-06-30T02:04:29.256453+00:00,70.4,47,ask,,,85338
2026-06-30T12:04:29.376487,2026-06-30T02:04:30.297906+00:00,70.9,44,bid,,,85362
2026-06-30T12:04:30.375924,2026-06-30T02:04:31.296179+00:00,70.4,3,ask,,,85371
2026-06-30T12:04:30.375924,2026-06-30T02:04:31.296179+00:00,70.4,47,ask,,,85372
2026-06-30T12:04:32.487839,2026-06-30T02:04:33.406291+00:00,70.5,50,ask,,,85405
2026-06-30T12:04:33.416925,2026-06-30T02:04:34.339699+00:00,70.5,48,ask,,,85419
2026-06-30T12:04:34.384013,2026-06-30T02:04:35.308800+00:00,70.8,44,bid,,,85428
2026-06-30T12:04:34.593453,2026-06-30T02:04:35.516808+00:00,70.4,50,ask,,,85432
2026-06-30T12:04:36.701838,2026-06-30T02:04:37.621025+00:00,70.4,50,ask,,,85451
2026-06-30T12:04:37.528401,2026-06-30T02:04:38.457578+00:00,70.4,150,bid,,,85462
2026-06-30T12:04:38.757412,2026-06-30T02:04:39.683982+00:00,70.8,50,bid,,,85480
2026-06-30T12:04:39.597932,2026-06-30T02:04:40.519691+00:00,70.3,43,ask,,,85489
2026-06-30T12:04:40.195755,2026-06-30T02:04:41.118754+00:00,71.0,44,bid,,,85492
2026-06-30T12:04:40.735289,2026-06-30T02:04:41.662948+00:00,70.5,43,ask,,,85498
2026-06-30T12:04:42.969711,2026-06-30T02:04:43.902263+00:00,71.0,50,bid,,,85526
2026-06-30T12:04:43.078615,2026-06-30T02:04:43.999920+00:00,71.0,6,bid,,,85528
2026-06-30T12:04:43.078615,2026-06-30T02:04:44.010983+00:00,71.0,36,bid,,,85529
2026-06-30T12:04:45.076610,2026-06-30T02:04:45.999003+00:00,71.2,50,bid,,,85553
2026-06-30T12:04:45.789141,2026-06-30T02:04:46.707679+00:00,70.8,45,ask,,,85560
2026-06-30T12:04:46.394457,2026-06-30T02:04:47.317567+00:00,70.8,47,ask,,,85567
2026-06-30T12:04:46.995755,2026-06-30T02:04:47.917485+00:00,70.7,40,bid,,,85579
2026-06-30T12:04:47.195219,2026-06-30T02:04:48.124436+00:00,70.7,50,bid,,,85581
2026-06-30T12:04:48.210622,2026-06-30T02:04:49.135167+00:00,70.7,40,bid,,,85597
2026-06-30T12:04:48.759910,2026-06-30T02:04:49.687410+00:00,70.6,45,ask,,,85599
2026-06-30T12:04:49.302648,2026-06-30T02:04:50.231060+00:00,70.7,20,bid,,,85607
2026-06-30T12:04:49.302648,2026-06-30T02:04:50.231060+00:00,71.1,30,bid,,,85608
2026-06-30T12:04:50.784887,2026-06-30T02:04:51.707697+00:00,71.1,49,bid,,,85626
2026-06-30T12:04:51.411054,2026-06-30T02:04:52.337408+00:00,71.1,50,bid,,,85630
2026-06-30T12:04:53.401182,2026-06-30T02:04:54.327920+00:00,70.9,47,ask,,,85651
2026-06-30T12:04:53.526299,2026-06-30T02:04:54.447701+00:00,71.4,50,bid,,,85655
2026-06-30T12:04:54.035517,2026-06-30T02:04:54.957206+00:00,70.9,42,ask,,,85660
2026-06-30T12:04:54.531137,2026-06-30T02:04:55.456728+00:00,70.9,11,ask,,,85670
2026-06-30T12:04:54.531137,2026-06-30T02:04:55.456728+00:00,70.9,31,ask,,,85671
2026-06-30T12:04:55.632462,2026-06-30T02:04:56.553057+00:00,71.4,50,bid,,,85680
2026-06-30T12:04:56.307682,2026-06-30T02:04:57.229729+00:00,71.0,100,ask,,,85691
2026-06-30T12:04:57.741436,2026-06-30T02:04:58.665053+00:00,71.2,50,bid,,,85709
2026-06-30T12:04:58.758942,2026-06-30T02:04:59.677328+00:00,71.2,42,bid,,,85721
2026-06-30T12:04:59.565526,2026-06-30T02:05:00.488302+00:00,71.0,100,bid,,,85732
2026-06-30T12:04:59.632587,2026-06-30T02:05:00.554201+00:00,71.1,50,ask,,,85736
2026-06-30T12:04:59.847484,2026-06-30T02:05:00.771199+00:00,71.6,50,bid,,,85740
2026-06-30T12:05:00.512645,2026-06-30T02:05:01.437199+00:00,71.6,45,bid,,,85752
2026-06-30T12:05:04.107474,2026-06-30T02:05:05.031250+00:00,71.0,50,ask,,,85794
2026-06-30T12:05:06.213649,2026-06-30T02:05:07.139031+00:00,71.1,50,ask,,,85818
2026-06-30T12:05:08.239619,2026-06-30T02:05:09.158704+00:00,71.4,45,bid,,,85836
2026-06-30T12:05:08.327049,2026-06-30T02:05:09.247231+00:00,71.1,50,ask,,,85837
2026-06-30T12:05:09.123472,2026-06-30T02:05:10.049738+00:00,71.2,25,bid,,,85847
2026-06-30T12:05:09.151187,2026-06-30T02:05:10.071864+00:00,71.2,25,bid,,,85850
2026-06-30T12:05:09.178854,2026-06-30T02:05:10.105052+00:00,71.2,25,bid,,,85852
2026-06-30T12:05:09.284642,2026-06-30T02:05:10.212307+00:00,71.1,49,ask,,,85855
2026-06-30T12:05:10.434376,2026-06-30T02:05:11.355397+00:00,71.1,40,ask,,,85873
2026-06-30T12:05:10.434507,2026-06-30T02:05:11.355397+00:00,71.1,11,ask,,,85874
2026-06-30T12:05:10.434507,2026-06-30T02:05:11.366468+00:00,70.7,39,ask,,,85875
2026-06-30T12:05:12.489979,2026-06-30T02:05:13.417210+00:00,71.3,50,bid,,,85903
2026-06-30T12:05:14.595396,2026-06-30T02:05:15.520143+00:00,71.3,50,bid,,,85936
2026-06-30T12:05:14.746982,2026-06-30T02:05:15.673180+00:00,71.3,40,bid,,,85937
2026-06-30T12:05:15.387130,2026-06-30T02:05:16.306379+00:00,71.4,100,bid,,,85939
2026-06-30T12:05:15.457040,2026-06-30T02:05:16.381904+00:00,71.6,50,ask,,,85941
2026-06-30T12:05:16.752241,2026-06-30T02:05:17.673936+00:00,70.9,50,ask,,,85949
2026-06-30T12:05:18.858963,2026-06-30T02:05:19.783179+00:00,71.0,50,ask,,,85968
2026-06-30T12:05:19.016320,2026-06-30T02:05:19.935161+00:00,71.2,42,bid,,,85972
2026-06-30T12:05:20.968883,2026-06-30T02:05:21.891995+00:00,71.0,50,ask,,,85992
2026-06-30T12:05:23.023648,2026-06-30T02:05:23.944426+00:00,70.9,50,bid,,,86017
2026-06-30T12:05:25.179373,2026-06-30T02:05:26.104627+00:00,70.7,50,ask,,,86042
2026-06-30T12:05:25.721016,2026-06-30T02:05:26.648236+00:00,70.7,49,ask,,,86052
2026-06-30T12:05:26.344479,2026-06-30T02:05:27.267324+00:00,71.0,40,bid,,,86063
2026-06-30T12:05:27.284909,2026-06-30T02:05:28.211836+00:00,70.7,50,ask,,,86072
2026-06-30T12:05:28.085270,2026-06-30T02:05:29.012151+00:00,70.6,100,ask,,,86081
2026-06-30T12:05:28.776894,2026-06-30T02:05:29.697222+00:00,70.6,50,bid,,,86090
2026-06-30T12:05:31.494308,2026-06-30T02:05:32.417352+00:00,70.8,50,ask,,,86130
2026-06-30T12:05:33.549951,2026-06-30T02:05:34.468956+00:00,70.9,50,bid,,,86146
2026-06-30T12:05:33.649538,2026-06-30T02:05:34.577702+00:00,70.9,44,bid,,,86148
2026-06-30T12:05:35.655737,2026-06-30T02:05:36.578440+00:00,71.2,50,bid,,,86176
2026-06-30T12:05:37.760761,2026-06-30T02:05:38.686069+00:00,71.2,50,bid,,,86199
2026-06-30T12:05:39.866355,2026-06-30T02:05:40.793281+00:00,71.2,50,bid,,,86217
2026-06-30T12:05:40.857487,2026-06-30T02:05:41.782196+00:00,70.9,42,ask,,,86236
2026-06-30T12:05:41.970883,2026-06-30T02:05:42.893398+00:00,71.2,50,bid,,,86251
2026-06-30T12:05:44.080122,2026-06-30T02:05:45.003996+00:00,71.3,50,bid,,,86278
2026-06-30T12:05:44.452219,2026-06-30T02:05:45.375517+00:00,71.0,45,ask,,,86288
2026-06-30T12:05:44.978521,2026-06-30T02:05:45.908032+00:00,71.3,40,bid,,,86294
2026-06-30T12:05:46.186115,2026-06-30T02:05:47.114090+00:00,71.3,10,bid,,,86309
2026-06-30T12:05:46.186115,2026-06-30T02:05:47.114090+00:00,71.5,40,bid,,,86310
2026-06-30T12:05:46.465811,2026-06-30T02:05:47.386277+00:00,71.2,100,ask,,,86312
2026-06-30T12:05:46.579888,2026-06-30T02:05:47.505975+00:00,71.0,43,ask,,,86315
2026-06-30T12:05:47.104098,2026-06-30T02:05:48.026364+00:00,70.9,48,ask,,,86319
2026-06-30T12:05:48.294465,2026-06-30T02:05:49.221945+00:00,71.4,50,bid,,,86340
2026-06-30T12:05:50.412855,2026-06-30T02:05:51.340865+00:00,71.4,50,bid,,,86367
2026-06-30T12:05:52.518475,2026-06-30T02:05:53.439759+00:00,71.4,50,bid,,,86389
2026-06-30T12:05:53.348135,2026-06-30T02:05:54.268315+00:00,71.3,25,ask,,,86397
2026-06-30T12:05:53.625473,2026-06-30T02:05:54.549700+00:00,71.3,40,ask,,,86398
2026-06-30T12:05:54.642303,2026-06-30T02:05:55.562369+00:00,71.5,50,bid,,,86411
2026-06-30T12:05:56.750178,2026-06-30T02:05:57.676311+00:00,71.6,50,bid,,,86434
2026-06-30T12:06:01.010881,2026-06-30T02:06:01.939948+00:00,71.4,50,ask,,,86492
2026-06-30T12:06:03.065753,2026-06-30T02:06:03.986163+00:00,71.6,50,bid,,,86526
2026-06-30T12:06:04.406620,2026-06-30T02:06:05.335168+00:00,71.6,44,bid,,,86540
2026-06-30T12:06:05.173151,2026-06-30T02:06:06.095941+00:00,71.6,50,bid,,,86550
2026-06-30T12:06:05.981236,2026-06-30T02:06:06.899951+00:00,71.8,100,bid,,,86563
2026-06-30T12:06:06.205252,2026-06-30T02:06:07.127955+00:00,71.9,43,ask,,,86567
2026-06-30T12:06:06.805134,2026-06-30T02:06:07.726519+00:00,72.4,42,bid,,,86578
2026-06-30T12:06:07.279067,2026-06-30T02:06:08.202240+00:00,72.4,50,bid,,,86582
2026-06-30T12:06:10.052714,2026-06-30T02:06:10.978766+00:00,71.6,48,ask,,,86614
2026-06-30T12:06:11.541119,2026-06-30T02:06:12.470852+00:00,71.6,50,ask,,,86635
2026-06-30T12:06:11.736524,2026-06-30T02:06:12.656510+00:00,72.1,43,bid,,,86640
2026-06-30T12:06:13.321541,2026-06-30T02:06:14.244225+00:00,72.0,48,bid,,,86663
2026-06-30T12:06:13.646784,2026-06-30T02:06:14.569838+00:00,71.7,50,ask,,,86665
2026-06-30T12:06:14.405856,2026-06-30T02:06:15.340995+00:00,71.7,48,ask,,,86675
2026-06-30T12:06:15.752302,2026-06-30T02:06:16.677433+00:00,71.7,50,ask,,,86692
2026-06-30T12:06:15.939300,2026-06-30T02:06:16.861231+00:00,72.0,40,bid,,,86694
2026-06-30T12:06:16.431930,2026-06-30T02:06:17.360083+00:00,71.7,45,ask,,,86701
2026-06-30T12:06:17.860029,2026-06-30T02:06:18.784344+00:00,71.7,50,ask,,,86719
2026-06-30T12:06:17.956415,2026-06-30T02:06:18.882046+00:00,72.0,40,bid,,,86721
2026-06-30T12:06:18.680683,2026-06-30T02:06:19.600847+00:00,71.6,100,ask,,,86731
2026-06-30T12:06:19.965325,2026-06-30T02:06:20.892071+00:00,71.0,50,ask,,,86745
2026-06-30T12:06:21.838806,2026-06-30T02:06:22.761741+00:00,71.2,42,ask,,,86762
2026-06-30T12:06:22.070667,2026-06-30T02:06:22.989816+00:00,71.2,50,ask,,,86764
2026-06-30T12:06:24.177979,2026-06-30T02:06:25.097284+00:00,71.2,8,ask,,,86785
2026-06-30T12:06:24.177979,2026-06-30T02:06:25.107410+00:00,71.2,42,ask,,,86786
2026-06-30T12:06:25.919809,2026-06-30T02:06:26.847381+00:00,71.4,46,bid,,,86807
2026-06-30T12:06:26.285140,2026-06-30T02:06:27.207332+00:00,71.0,50,ask,,,86814
2026-06-30T12:06:28.390677,2026-06-30T02:06:29.317716+00:00,71.1,50,ask,,,86834
2026-06-30T12:06:30.496485,2026-06-30T02:06:31.425024+00:00,71.1,50,ask,,,86867
2026-06-30T12:06:31.389925,2026-06-30T02:06:32.317501+00:00,71.4,47,bid,,,86875
2026-06-30T12:06:32.618484,2026-06-30T02:06:33.547378+00:00,71.0,50,ask,,,86889
2026-06-30T12:06:33.536120,2026-06-30T02:06:34.459073+00:00,71.0,47,ask,,,86909
2026-06-30T12:06:34.502242,2026-06-30T02:06:35.428372+00:00,71.0,100,ask,,,86921
2026-06-30T12:06:34.632102,2026-06-30T02:06:35.558744+00:00,71.0,44,bid,,,86922
2026-06-30T12:06:34.724022,2026-06-30T02:06:35.647261+00:00,70.5,50,ask,,,86924
2026-06-30T12:06:35.554678,2026-06-30T02:06:36.483957+00:00,71.0,6,bid,,,86932
2026-06-30T12:06:36.840540,2026-06-30T02:06:37.767526+00:00,70.5,50,ask,,,86960
2026-06-30T12:06:37.214799,2026-06-30T02:06:38.137523+00:00,71.1,49,bid,,,86964
2026-06-30T12:06:38.946123,2026-06-30T02:06:39.870895+00:00,70.6,50,ask,,,86993
2026-06-30T12:06:40.024283,2026-06-30T02:06:40.946629+00:00,70.6,42,ask,,,87004
2026-06-30T12:06:41.052200,2026-06-30T02:06:41.978790+00:00,70.5,50,ask,,,87023
2026-06-30T12:06:41.100397,2026-06-30T02:06:42.023057+00:00,70.9,46,bid,,,87025
2026-06-30T12:06:43.875929,2026-06-30T02:06:44.797461+00:00,71.1,10,bid,,,87062
2026-06-30T12:06:44.699040,2026-06-30T02:06:45.623938+00:00,70.9,90,bid,,,87074
2026-06-30T12:06:45.209754,2026-06-30T02:06:46.134857+00:00,70.9,50,bid,,,87080
2026-06-30T12:06:45.504509,2026-06-30T02:06:46.427944+00:00,70.6,43,ask,,,87087
2026-06-30T12:06:47.325495,2026-06-30T02:06:48.255313+00:00,71.2,50,bid,,,87104
2026-06-30T12:06:48.059909,2026-06-30T02:06:48.980734+00:00,71.2,48,bid,,,87120
2026-06-30T12:06:49.432635,2026-06-30T02:06:50.358976+00:00,71.2,2,bid,,,87136
2026-06-30T12:06:49.432635,2026-06-30T02:06:50.358976+00:00,71.6,48,bid,,,87137
2026-06-30T12:06:50.320388,2026-06-30T02:06:51.240121+00:00,71.2,49,ask,,,87153
2026-06-30T12:06:51.596498,2026-06-30T02:06:52.525142+00:00,71.2,50,ask,,,87168
2026-06-30T12:06:53.702800,2026-06-30T02:06:54.628717+00:00,71.0,50,ask,,,87191
2026-06-30T12:06:55.810198,2026-06-30T02:06:56.738119+00:00,71.0,50,ask,,,87220
2026-06-30T12:06:57.917648,2026-06-30T02:06:58.838914+00:00,70.9,50,ask,,,87243
2026-06-30T12:07:00.023008,2026-06-30T02:07:00.943847+00:00,70.7,50,ask,,,87275
2026-06-30T12:07:02.128850,2026-06-30T02:07:03.057310+00:00,70.7,50,ask,,,87305
2026-06-30T12:07:04.233754,2026-06-30T02:07:05.154990+00:00,70.4,50,ask,,,87331
2026-06-30T12:07:05.671191,2026-06-30T02:07:06.597852+00:00,70.5,41,bid,,,87343
2026-06-30T12:07:06.289299,2026-06-30T02:07:07.218062+00:00,70.8,50,bid,,,87355
2026-06-30T12:07:08.396337,2026-06-30T02:07:09.318836+00:00,70.8,50,bid,,,87386
2026-06-30T12:07:10.503757,2026-06-30T02:07:11.432058+00:00,70.9,50,bid,,,87408
2026-06-30T12:07:12.511026,2026-06-30T02:07:13.438552+00:00,70.7,47,ask,,,87442
2026-06-30T12:07:12.662608,2026-06-30T02:07:13.591056+00:00,70.7,50,ask,,,87447
2026-06-30T12:07:14.767937,2026-06-30T02:07:15.687609+00:00,70.7,3,ask,,,87471
2026-06-30T12:07:14.767937,2026-06-30T02:07:15.697700+00:00,70.6,47,ask,,,87472
2026-06-30T12:07:15.288874,2026-06-30T02:07:16.218786+00:00,70.9,46,bid,,,87477
2026-06-30T12:07:20.025217,2026-06-30T02:07:20.945052+00:00,70.8,48,ask,,,87537
2026-06-30T12:07:21.082457,2026-06-30T02:07:22.009824+00:00,70.8,50,ask,,,87557
2026-06-30T12:07:23.239941,2026-06-30T02:07:24.164376+00:00,70.8,43,bid,,,87596
2026-06-30T12:07:25.241224,2026-06-30T02:07:26.164471+00:00,70.9,50,bid,,,87624
2026-06-30T12:07:27.345589,2026-06-30T02:07:28.266275+00:00,70.9,50,bid,,,87657
2026-06-30T12:07:27.649713,2026-06-30T02:07:28.580926+00:00,70.9,100,bid,,,87662
2026-06-30T12:07:27.902500,2026-06-30T02:07:28.831167+00:00,70.9,47,bid,,,87664
2026-06-30T12:07:28.853275,2026-06-30T02:07:29.775500+00:00,71.2,42,ask,,,87674
2026-06-30T12:07:29.457675,2026-06-30T02:07:30.382121+00:00,71.4,50,bid,,,87683
2026-06-30T12:07:31.565547,2026-06-30T02:07:32.488208+00:00,71.3,50,bid,,,87705
2026-06-30T12:07:31.918190,2026-06-30T02:07:32.847587+00:00,71.1,47,ask,,,87711
2026-06-30T12:07:32.525041,2026-06-30T02:07:33.448253+00:00,71.1,46,ask,,,87723
2026-06-30T12:07:33.671961,2026-06-30T02:07:34.599101+00:00,71.3,50,bid,,,87734
2026-06-30T12:07:33.982621,2026-06-30T02:07:34.905266+00:00,71.6,46,bid,,,87744
2026-06-30T12:07:35.060866,2026-06-30T02:07:35.988416+00:00,71.4,42,bid,,,87757
2026-06-30T12:07:35.528992,2026-06-30T02:07:36.455094+00:00,71.2,45,ask,,,87759
2026-06-30T12:07:35.782483,2026-06-30T02:07:36.707355+00:00,71.4,50,bid,,,87771
2026-06-30T12:07:36.544724,2026-06-30T02:07:37.467583+00:00,71.4,45,bid,,,87778
2026-06-30T12:07:37.690515,2026-06-30T02:07:38.617996+00:00,71.5,100,bid,,,87795
2026-06-30T12:07:37.888124,2026-06-30T02:07:38.814345+00:00,72.0,50,bid,,,87797
2026-06-30T12:07:39.756127,2026-06-30T02:07:40.685145+00:00,71.5,41,ask,,,87828
2026-06-30T12:07:39.994293,2026-06-30T02:07:40.922902+00:00,72.0,50,bid,,,87834
2026-06-30T12:07:40.831183,2026-06-30T02:07:41.759708+00:00,71.4,41,ask,,,87842
2026-06-30T12:07:42.099674,2026-06-30T02:07:43.029663+00:00,71.9,50,bid,,,87857
2026-06-30T12:07:42.274671,2026-06-30T02:07:43.194226+00:00,71.9,45,bid,,,87863
2026-06-30T12:07:44.218319,2026-06-30T02:07:45.144189+00:00,71.7,50,bid,,,87889
2026-06-30T12:07:44.844770,2026-06-30T02:07:45.763978+00:00,71.4,42,ask,,,87895
2026-06-30T12:07:44.927073,2026-06-30T02:07:45.850084+00:00,71.4,58,ask,,,87898
2026-06-30T12:07:46.322495,2026-06-30T02:07:47.242181+00:00,71.7,50,bid,,,87916
2026-06-30T12:07:47.175352,2026-06-30T02:07:48.098882+00:00,71.6,100,bid,,,87927
2026-06-30T12:07:47.235257,2026-06-30T02:07:48.165194+00:00,71.7,50,ask,,,87928
2026-06-30T12:07:48.428523,2026-06-30T02:07:49.351831+00:00,72.2,50,bid,,,87946
2026-06-30T12:07:50.533311,2026-06-30T02:07:51.462975+00:00,71.9,50,bid,,,87961
2026-06-30T12:07:52.640414,2026-06-30T02:07:53.567300+00:00,71.9,50,bid,,,87993
2026-06-30T12:07:52.765593,2026-06-30T02:07:53.687549+00:00,71.6,25,ask,,,87997
2026-06-30T12:07:53.728349,2026-06-30T02:07:54.656533+00:00,71.6,48,ask,,,88016
2026-06-30T12:07:54.748562,2026-06-30T02:07:55.674982+00:00,71.8,50,bid,,,88035
2026-06-30T12:07:54.780995,2026-06-30T02:07:55.707149+00:00,71.8,47,bid,,,88036
2026-06-30T12:07:56.692232,2026-06-30T02:07:57.617354+00:00,71.7,67,ask,,,88058
2026-06-30T12:07:56.904488,2026-06-30T02:07:57.824310+00:00,71.7,33,ask,,,88065
2026-06-30T12:07:56.904488,2026-06-30T02:07:57.835373+00:00,71.5,17,ask,,,88066
2026-06-30T12:07:57.621275,2026-06-30T02:07:58.540724+00:00,71.5,42,ask,,,88080
2026-06-30T12:07:58.960477,2026-06-30T02:07:59.888535+00:00,72.0,50,bid,,,88091
2026-06-30T12:07:59.024509,2026-06-30T02:07:59.943885+00:00,72.0,46,bid,,,88092
2026-06-30T12:07:59.686846,2026-06-30T02:08:00.616521+00:00,71.5,46,ask,,,88109
2026-06-30T12:08:00.254551,2026-06-30T02:08:01.183381+00:00,71.8,49,bid,,,88120
2026-06-30T12:08:00.841147,2026-06-30T02:08:01.770724+00:00,71.5,44,ask,,,88126
2026-06-30T12:08:01.118171,2026-06-30T02:08:02.045082+00:00,71.5,50,ask,,,88131
2026-06-30T12:08:01.477102,2026-06-30T02:08:02.405054+00:00,71.8,43,bid,,,88138
2026-06-30T12:08:02.025459,2026-06-30T02:08:02.948497+00:00,71.5,44,ask,,,88144
2026-06-30T12:08:03.035772,2026-06-30T02:08:03.959652+00:00,71.5,100,ask,,,88161
2026-06-30T12:08:03.107391,2026-06-30T02:08:04.037142+00:00,71.3,44,bid,,,88162
2026-06-30T12:08:03.224140,2026-06-30T02:08:04.145410+00:00,70.8,50,ask,,,88164
2026-06-30T12:08:04.529302,2026-06-30T02:08:05.450205+00:00,71.3,6,bid,,,88183
2026-06-30T12:08:04.761178,2026-06-30T02:08:05.688845+00:00,72.0,47,bid,,,88185
2026-06-30T12:08:09.487912,2026-06-30T02:08:10.414116+00:00,71.8,50,bid,,,88246
2026-06-30T12:08:11.594422,2026-06-30T02:08:12.520965+00:00,71.8,50,bid,,,88270
2026-06-30T12:08:13.660859,2026-06-30T02:08:14.589706+00:00,71.8,6,ask,,,88295
2026-06-30T12:08:13.754045,2026-06-30T02:08:14.677817+00:00,71.8,50,ask,,,88299
2026-06-30T12:08:15.859526,2026-06-30T02:08:16.781141+00:00,71.4,50,ask,,,88325
2026-06-30T12:08:20.068499,2026-06-30T02:08:20.997262+00:00,71.5,50,ask,,,88371
2026-06-30T12:08:20.522178,2026-06-30T02:08:21.443103+00:00,71.5,42,ask,,,88379
2026-06-30T12:08:24.250261,2026-06-30T02:08:25.174964+00:00,71.9,50,bid,,,88418
2026-06-30T12:08:24.528366,2026-06-30T02:08:25.456033+00:00,71.9,47,bid,,,88426
2026-06-30T12:08:26.356987,2026-06-30T02:08:27.282052+00:00,72.0,50,bid,,,88455
2026-06-30T12:08:28.463085,2026-06-30T02:08:29.392915+00:00,71.9,50,bid,,,88487
2026-06-30T12:08:30.575766,2026-06-30T02:08:31.504050+00:00,71.9,50,bid,,,88512
2026-06-30T12:08:34.834028,2026-06-30T02:08:35.755279+00:00,71.8,50,ask,,,88580
2026-06-30T12:08:36.337715,2026-06-30T02:08:37.264992+00:00,71.8,45,ask,,,88603
2026-06-30T12:08:36.941480,2026-06-30T02:08:37.863161+00:00,71.8,5,ask,,,88618
2026-06-30T12:08:36.941480,2026-06-30T02:08:37.863161+00:00,71.6,45,ask,,,88619
2026-06-30T12:08:39.048393,2026-06-30T02:08:39.978443+00:00,71.4,50,ask,,,88631
2026-06-30T12:08:40.326911,2026-06-30T02:08:41.255426+00:00,71.2,46,ask,,,88644
2026-06-30T12:08:41.153392,2026-06-30T02:08:42.078608+00:00,71.3,50,ask,,,88652
2026-06-30T12:08:42.461618,2026-06-30T02:08:43.381953+00:00,71.6,43,bid,,,88671
2026-06-30T12:08:43.259758,2026-06-30T02:08:44.187371+00:00,71.3,50,ask,,,88682
2026-06-30T12:08:43.545192,2026-06-30T02:08:44.470826+00:00,71.6,42,bid,,,88684
2026-06-30T12:08:45.365282,2026-06-30T02:08:46.287416+00:00,71.4,50,ask,,,88702
2026-06-30T12:08:46.724331,2026-06-30T02:08:47.645215+00:00,71.4,100,ask,,,88716
2026-06-30T12:08:47.471460,2026-06-30T02:08:48.396324+00:00,70.9,50,ask,,,88726
2026-06-30T12:08:47.700750,2026-06-30T02:08:48.625471+00:00,71.2,41,bid,,,88730
2026-06-30T12:08:49.579126,2026-06-30T02:08:50.507929+00:00,70.9,50,ask,,,88755
2026-06-30T12:08:50.695932,2026-06-30T02:08:51.620039+00:00,70.8,48,ask,,,88767
2026-06-30T12:08:51.684304,2026-06-30T02:08:52.608638+00:00,70.8,50,ask,,,88782
2026-06-30T12:08:52.398163,2026-06-30T02:08:53.324468+00:00,71.2,43,bid,,,88790
2026-06-30T12:08:53.498297,2026-06-30T02:08:54.422873+00:00,70.6,46,ask,,,88800
2026-06-30T12:08:53.546691,2026-06-30T02:08:54.467126+00:00,71.1,100,bid,,,88803
2026-06-30T12:08:53.790744,2026-06-30T02:08:54.717357+00:00,71.1,50,ask,,,88809
2026-06-30T12:08:55.594346,2026-06-30T02:08:56.517933+00:00,70.6,42,ask,,,88824
2026-06-30T12:08:55.896231,2026-06-30T02:08:56.824034+00:00,70.6,12,ask,,,88832
2026-06-30T12:08:56.870014,2026-06-30T02:08:57.798762+00:00,71.1,150,bid,,,88841
2026-06-30T12:08:58.003378,2026-06-30T02:08:58.928982+00:00,70.7,50,ask,,,88861
2026-06-30T12:08:59.365284,2026-06-30T02:09:00.285167+00:00,71.0,50,bid,,,88876
2026-06-30T12:08:59.886862,2026-06-30T02:09:00.816223+00:00,71.0,50,bid,,,88883
2026-06-30T12:09:00.109821,2026-06-30T02:09:01.039921+00:00,71.2,50,ask,,,88888
2026-06-30T12:09:02.062609,2026-06-30T02:09:02.989673+00:00,71.7,45,bid,,,88898
2026-06-30T12:09:02.215407,2026-06-30T02:09:03.141191+00:00,71.2,50,ask,,,88905
2026-06-30T12:09:03.096610,2026-06-30T02:09:04.023134+00:00,71.0,42,ask,,,88922
2026-06-30T12:09:04.320128,2026-06-30T02:09:05.248973+00:00,71.0,50,ask,,,88929
2026-06-30T12:09:06.286556,2026-06-30T02:09:07.208381+00:00,71.0,44,bid,,,88951
2026-06-30T12:09:06.375258,2026-06-30T02:09:07.296432+00:00,71.0,50,bid,,,88953
2026-06-30T12:09:07.431952,2026-06-30T02:09:08.357368+00:00,71.0,6,bid,,,88967
2026-06-30T12:09:07.431952,2026-06-30T02:09:08.357368+00:00,71.3,41,bid,,,88968
2026-06-30T12:09:08.531790,2026-06-30T02:09:09.456283+00:00,70.8,50,ask,,,88986
2026-06-30T12:09:09.012421,2026-06-30T02:09:09.933995+00:00,70.8,43,ask,,,88991
2026-06-30T12:09:09.509407,2026-06-30T02:09:10.432951+00:00,70.9,42,bid,,,88999
2026-06-30T12:09:10.586678,2026-06-30T02:09:11.508108+00:00,70.9,50,bid,,,89008
2026-06-30T12:09:14.849097,2026-06-30T02:09:15.777386+00:00,70.8,50,ask,,,89059
2026-06-30T12:09:16.953770,2026-06-30T02:09:17.884185+00:00,70.8,50,ask,,,89087
2026-06-30T12:09:18.661753,2026-06-30T02:09:19.589849+00:00,70.8,42,ask,,,89109
2026-06-30T12:09:19.059608,2026-06-30T02:09:19.981095+00:00,70.8,50,ask,,,89118
2026-06-30T12:09:21.165003,2026-06-30T02:09:22.091949+00:00,70.8,50,ask,,,89142
2026-06-30T12:09:23.271380,2026-06-30T02:09:24.199616+00:00,70.5,50,ask,,,89165
2026-06-30T12:09:25.375825,2026-06-30T02:09:26.306191+00:00,70.3,50,ask,,,89191
2026-06-30T12:09:27.455287,2026-06-30T02:09:28.385143+00:00,70.5,42,bid,,,89220
2026-06-30T12:09:27.502099,2026-06-30T02:09:28.428487+00:00,70.3,50,ask,,,89221
2026-06-30T12:09:30.539600,2026-06-30T02:09:31.470787+00:00,70.2,48,ask,,,89266
2026-06-30T12:09:32.117106,2026-06-30T02:09:33.039917+00:00,70.5,42,bid,,,89292
2026-06-30T12:09:32.713490,2026-06-30T02:09:33.637905+00:00,70.5,49,bid,,,89299
2026-06-30T12:09:33.195268,2026-06-30T02:09:34.117449+00:00,70.2,41,ask,,,89302
2026-06-30T12:09:33.777057,2026-06-30T02:09:34.703002+00:00,70.5,50,bid,,,89322
2026-06-30T12:09:34.257784,2026-06-30T02:09:35.179752+00:00,70.2,40,ask,,,89337
2026-06-30T12:09:35.720251,2026-06-30T02:09:36.647593+00:00,70.7,44,bid,,,89355
2026-06-30T12:09:35.882216,2026-06-30T02:09:36.808860+00:00,70.7,50,bid,,,89356
2026-06-30T12:09:37.917347,2026-06-30T02:09:38.843361+00:00,70.5,46,ask,,,89382
2026-06-30T12:09:38.387688,2026-06-30T02:09:39.309083+00:00,70.7,48,bid,,,89385
2026-06-30T12:09:40.096202,2026-06-30T02:09:41.017624+00:00,70.7,50,bid,,,89399
2026-06-30T12:09:40.936653,2026-06-30T02:09:41.863330+00:00,70.4,40,ask,,,89404
2026-06-30T12:09:41.487722,2026-06-30T02:09:42.417601+00:00,70.8,43,bid,,,89413
2026-06-30T12:09:42.201184,2026-06-30T02:09:43.122956+00:00,70.8,50,bid,,,89421
2026-06-30T12:09:44.139910,2026-06-30T02:09:45.068388+00:00,70.7,100,bid,,,89431
2026-06-30T12:09:44.825650,2026-06-30T02:09:45.750940+00:00,70.7,40,ask,,,89449
2026-06-30T12:09:47.702097,2026-06-30T02:09:48.625496+00:00,70.7,46,ask,,,89494
2026-06-30T12:09:48.515275,2026-06-30T02:09:49.441038+00:00,70.8,50,bid,,,89506
2026-06-30T12:09:50.620435,2026-06-30T02:09:51.547858+00:00,70.9,50,bid,,,89530
2026-06-30T12:09:54.882026,2026-06-30T02:09:55.807700+00:00,70.4,50,ask,,,89570
2026-06-30T12:09:56.721664,2026-06-30T02:09:57.644290+00:00,70.7,41,bid,,,89591
2026-06-30T12:09:56.938111,2026-06-30T02:09:57.862201+00:00,70.7,50,bid,,,89595
2026-06-30T12:09:57.840819,2026-06-30T02:09:58.767831+00:00,70.5,40,ask,,,89602
2026-06-30T12:09:59.094568,2026-06-30T02:10:00.014995+00:00,70.5,50,ask,,,89619
2026-06-30T12:10:01.149526,2026-06-30T02:10:02.077133+00:00,70.6,50,bid,,,89630
2026-06-30T12:10:03.256451,2026-06-30T02:10:04.177656+00:00,70.9,50,bid,,,89654
2026-06-30T12:10:03.307484,2026-06-30T02:10:04.232043+00:00,70.9,44,bid,,,89655
2026-06-30T12:10:03.869057,2026-06-30T02:10:04.798475+00:00,70.9,48,bid,,,89665
2026-06-30T12:10:05.079880,2026-06-30T02:10:06.001124+00:00,70.5,45,ask,,,89677
2026-06-30T12:10:05.362336,2026-06-30T02:10:06.284959+00:00,70.9,8,bid,,,89682
2026-06-30T12:10:05.362336,2026-06-30T02:10:06.284959+00:00,71.0,42,bid,,,89683
2026-06-30T12:10:06.266533,2026-06-30T02:10:07.199806+00:00,70.9,100,bid,,,89694
2026-06-30T12:10:07.528029,2026-06-30T02:10:08.451806+00:00,70.9,50,ask,,,89711
2026-06-30T12:10:09.582330,2026-06-30T02:10:10.502828+00:00,71.2,50,bid,,,89740
2026-06-30T12:10:09.794081,2026-06-30T02:10:10.718743+00:00,71.0,46,ask,,,89744
2026-06-30T12:10:10.356876,2026-06-30T02:10:11.287119+00:00,71.0,44,ask,,,89756
2026-06-30T12:10:13.189923,2026-06-30T02:10:14.111876+00:00,71.2,45,bid,,,89787
2026-06-30T12:10:13.796670,2026-06-30T02:10:14.721080+00:00,71.2,50,bid,,,89799
2026-06-30T12:10:14.158220,2026-06-30T02:10:15.081053+00:00,71.2,5,bid,,,89805
2026-06-30T12:10:14.158220,2026-06-30T02:10:15.081053+00:00,71.3,40,bid,,,89806
2026-06-30T12:10:15.901561,2026-06-30T02:10:16.832224+00:00,71.3,50,bid,,,89822
2026-06-30T12:10:18.023894,2026-06-30T02:10:18.947981+00:00,71.3,50,bid,,,89846
2026-06-30T12:10:19.298085,2026-06-30T02:10:20.222316+00:00,71.2,42,ask,,,89858
2026-06-30T12:10:20.131416,2026-06-30T02:10:21.057692+00:00,71.4,50,bid,,,89868
2026-06-30T12:10:20.526061,2026-06-30T02:10:21.448704+00:00,71.4,42,bid,,,89872
2026-06-30T12:10:22.287182,2026-06-30T02:10:23.210945+00:00,71.3,50,ask,,,89897
2026-06-30T12:10:24.036741,2026-06-30T02:10:24.961944+00:00,71.3,43,ask,,,89919
2026-06-30T12:10:24.341715,2026-06-30T02:10:25.267437+00:00,71.7,50,bid,,,89924
2026-06-30T12:10:25.074234,2026-06-30T02:10:26.002863+00:00,71.3,49,bid,,,89934
2026-06-30T12:10:25.713666,2026-06-30T02:10:26.643239+00:00,71.2,45,ask,,,89940
2026-06-30T12:10:26.497535,2026-06-30T02:10:27.426425+00:00,71.2,50,ask,,,89958
2026-06-30T12:10:30.305802,2026-06-30T02:10:31.230124+00:00,71.4,48,bid,,,90005
2026-06-30T12:10:30.656803,2026-06-30T02:10:31.588626+00:00,71.4,50,bid,,,90011
2026-06-30T12:10:32.768005,2026-06-30T02:10:33.697300+00:00,71.5,50,bid,,,90036
2026-06-30T12:10:33.379233,2026-06-30T02:10:34.307452+00:00,71.3,40,ask,,,90046
2026-06-30T12:10:34.873424,2026-06-30T02:10:35.797115+00:00,71.6,50,bid,,,90057
2026-06-30T12:10:36.983601,2026-06-30T02:10:37.917552+00:00,71.6,50,bid,,,90083
2026-06-30T12:10:37.908785,2026-06-30T02:10:38.831051+00:00,71.4,150,ask,,,90097
2026-06-30T12:10:39.090182,2026-06-30T02:10:40.016266+00:00,71.6,50,bid,,,90113
2026-06-30T12:10:39.099664,2026-06-30T02:10:40.027329+00:00,71.1,48,ask,,,90114
2026-06-30T12:10:41.196569,2026-06-30T02:10:42.117994+00:00,71.2,50,bid,,,90135
2026-06-30T12:10:41.634664,2026-06-30T02:10:42.555371+00:00,71.2,43,bid,,,90143
2026-06-30T12:10:42.286557,2026-06-30T02:10:43.207182+00:00,71.2,43,bid,,,90154
2026-06-30T12:10:43.698871,2026-06-30T02:10:44.621119+00:00,70.9,40,ask,,,90177
2026-06-30T12:10:44.236784,2026-06-30T02:10:45.166294+00:00,71.2,50,ask,,,90189
2026-06-30T12:10:44.706937,2026-06-30T02:10:45.634290+00:00,71.2,42,ask,,,90192
2026-06-30T12:10:45.458389,2026-06-30T02:10:46.386366+00:00,71.2,50,ask,,,90197
2026-06-30T12:10:45.674753,2026-06-30T02:10:46.603447+00:00,71.4,46,bid,,,90201
2026-06-30T12:10:47.513611,2026-06-30T02:10:48.438155+00:00,71.1,50,bid,,,90220
2026-06-30T12:10:49.626752,2026-06-30T02:10:50.550205+00:00,70.9,47,ask,,,90245
2026-06-30T12:10:49.670902,2026-06-30T02:10:50.594449+00:00,70.9,50,ask,,,90247
2026-06-30T12:10:51.776586,2026-06-30T02:10:52.707053+00:00,70.9,50,ask,,,90270
2026-06-30T12:10:53.630237,2026-06-30T02:10:54.557580+00:00,71.4,44,bid,,,90289
2026-06-30T12:10:53.884098,2026-06-30T02:10:54.807869+00:00,70.9,50,ask,,,90295
2026-06-30T12:10:54.252680,2026-06-30T02:10:55.177331+00:00,70.9,49,ask,,,90298
2026-06-30T12:10:54.729950,2026-06-30T02:10:55.655224+00:00,71.3,42,bid,,,90301
2026-06-30T12:10:55.693649,2026-06-30T02:10:56.614394+00:00,71.3,44,bid,,,90313
2026-06-30T12:10:55.747567,2026-06-30T02:10:56.678359+00:00,70.9,1,ask,,,90317
2026-06-30T12:10:55.747567,2026-06-30T02:10:56.678359+00:00,70.8,48,ask,,,90318
2026-06-30T12:10:56.753240,2026-06-30T02:10:57.677749+00:00,70.9,43,bid,,,90330
2026-06-30T12:10:56.858170,2026-06-30T02:10:57.787433+00:00,70.9,57,bid,,,90331
2026-06-30T12:10:58.098254,2026-06-30T02:10:59.028447+00:00,71.0,50,ask,,,90341
2026-06-30T12:11:00.826524,2026-06-30T02:11:01.747508+00:00,70.6,47,ask,,,90379
2026-06-30T12:11:01.281697,2026-06-30T02:11:02.203164+00:00,70.9,150,bid,,,90392
2026-06-30T12:11:01.400952,2026-06-30T02:11:02.322957+00:00,71.1,49,bid,,,90397
2026-06-30T12:11:02.265894,2026-06-30T02:11:03.194195+00:00,71.1,50,bid,,,90403
2026-06-30T12:11:04.382033,2026-06-30T02:11:05.305400+00:00,71.5,50,bid,,,90428
2026-06-30T12:11:06.490580,2026-06-30T02:11:07.424073+00:00,71.4,50,bid,,,90456
2026-06-30T12:11:07.716661,2026-06-30T02:11:08.641795+00:00,71.0,40,ask,,,90470
2026-06-30T12:11:08.596205,2026-06-30T02:11:09.527176+00:00,71.4,50,bid,,,90493
2026-06-30T12:11:08.870467,2026-06-30T02:11:09.799071+00:00,71.0,49,ask,,,90495
2026-06-30T12:11:08.898548,2026-06-30T02:11:09.821214+00:00,71.3,100,ask,,,90497
2026-06-30T12:11:12.806829,2026-06-30T02:11:13.729916+00:00,71.2,50,bid,,,90547
2026-06-30T12:11:13.920538,2026-06-30T02:11:14.841945+00:00,71.0,40,ask,,,90566
2026-06-30T12:11:14.964530,2026-06-30T02:11:15.885093+00:00,71.0,50,ask,,,90575
2026-06-30T12:11:16.150075,2026-06-30T02:11:17.070771+00:00,71.1,43,bid,,,90593
2026-06-30T12:11:17.071047,2026-06-30T02:11:17.997572+00:00,70.8,50,ask,,,90608
2026-06-30T12:11:19.177568,2026-06-30T02:11:20.097894+00:00,70.7,50,ask,,,90631
2026-06-30T12:11:21.282767,2026-06-30T02:11:22.205218+00:00,70.7,50,ask,,,90655
2026-06-30T12:11:23.387552,2026-06-30T02:11:24.310606+00:00,70.5,50,ask,,,90681
2026-06-30T12:11:24.856758,2026-06-30T02:11:25.786190+00:00,70.8,25,bid,,,90702
2026-06-30T12:11:24.884072,2026-06-30T02:11:25.807374+00:00,70.8,25,bid,,,90704
2026-06-30T12:11:24.911177,2026-06-30T02:11:25.839613+00:00,70.8,25,bid,,,90707
2026-06-30T12:11:25.494309,2026-06-30T02:11:26.417071+00:00,70.4,50,ask,,,90715
2026-06-30T12:11:27.600976,2026-06-30T02:11:28.537842+00:00,70.4,50,ask,,,90743
2026-06-30T12:11:28.515022,2026-06-30T02:11:29.439618+00:00,70.7,100,ask,,,90754
2026-06-30T12:11:28.529191,2026-06-30T02:11:29.450681+00:00,70.5,50,bid,,,90756
2026-06-30T12:11:31.760348,2026-06-30T02:11:32.691875+00:00,70.7,50,bid,,,90790
2026-06-30T12:11:32.122355,2026-06-30T02:11:33.047755+00:00,70.7,45,bid,,,90794
2026-06-30T12:11:33.170032,2026-06-30T02:11:34.092069+00:00,70.7,5,bid,,,90806
2026-06-30T12:11:34.292415,2026-06-30T02:11:35.221209+00:00,70.6,46,ask,,,90823
2026-06-30T12:11:39.357432,2026-06-30T02:11:40.286487+00:00,70.8,45,bid,,,90868
2026-06-30T12:11:40.231729,2026-06-30T02:11:41.153045+00:00,70.6,50,ask,,,90879
2026-06-30T12:11:40.579839,2026-06-30T02:11:41.511949+00:00,70.8,41,bid,,,90883
2026-06-30T12:11:41.504033,2026-06-30T02:11:42.427057+00:00,70.6,41,ask,,,90895
2026-06-30T12:11:42.338363,2026-06-30T02:11:43.269785+00:00,70.6,50,ask,,,90905
2026-06-30T12:11:44.443921,2026-06-30T02:11:45.369709+00:00,70.2,50,ask,,,90930
2026-06-30T12:11:46.192751,2026-06-30T02:11:47.118296+00:00,70.2,43,ask,,,90945
2026-06-30T12:11:46.498118,2026-06-30T02:11:47.423311+00:00,70.6,50,bid,,,90948
2026-06-30T12:11:48.603578,2026-06-30T02:11:49.533081+00:00,70.5,50,bid,,,90973
2026-06-30T12:11:49.291642,2026-06-30T02:11:50.220928+00:00,70.5,43,bid,,,90982
2026-06-30T12:11:50.709431,2026-06-30T02:11:51.631920+00:00,70.7,50,bid,,,91003
2026-06-30T12:11:51.579717,2026-06-30T02:11:52.503335+00:00,70.7,49,bid,,,91011
2026-06-30T12:11:52.820055,2026-06-30T02:11:53.743106+00:00,70.7,1,bid,,,91024
2026-06-30T12:11:52.820055,2026-06-30T02:11:53.743106+00:00,70.8,49,bid,,,91025
2026-06-30T12:11:54.848157,2026-06-30T02:11:55.778305+00:00,70.6,42,ask,,,91049
2026-06-30T12:11:54.926739,2026-06-30T02:11:55.855248+00:00,70.9,50,bid,,,91050
2026-06-30T12:11:57.033055,2026-06-30T02:11:57.963377+00:00,70.9,50,bid,,,91076
2026-06-30T12:11:57.592196,2026-06-30T02:11:58.518202+00:00,70.7,150,ask,,,91084
2026-06-30T12:11:59.140595,2026-06-30T02:12:00.070980+00:00,70.9,50,bid,,,91104
2026-06-30T12:12:00.116356,2026-06-30T02:12:01.037939+00:00,70.6,100,ask,,,91119
2026-06-30T12:12:00.444793,2026-06-30T02:12:01.366238+00:00,70.5,48,bid,,,91125
2026-06-30T12:12:01.246138,2026-06-30T02:12:02.171895+00:00,70.5,2,bid,,,91137
2026-06-30T12:12:01.246138,2026-06-30T02:12:02.171895+00:00,71.1,48,bid,,,91138
2026-06-30T12:12:01.620454,2026-06-30T02:12:02.542925+00:00,70.0,46,ask,,,91142
2026-06-30T12:12:03.366537,2026-06-30T02:12:04.295212+00:00,71.1,50,bid,,,91156
2026-06-30T12:12:03.700409,2026-06-30T02:12:04.630963+00:00,70.7,44,ask,,,91161
2026-06-30T12:12:05.039171,2026-06-30T02:12:05.964031+00:00,71.1,45,bid,,,91181
2026-06-30T12:12:05.474284,2026-06-30T02:12:06.398582+00:00,71.1,5,bid,,,91189
2026-06-30T12:12:05.474284,2026-06-30T02:12:06.398582+00:00,71.2,45,bid,,,91190
2026-06-30T12:12:05.702668,2026-06-30T02:12:06.627597+00:00,70.7,42,ask,,,91196
2026-06-30T12:12:05.830174,2026-06-30T02:12:06.758052+00:00,70.9,25,ask,,,91202
2026-06-30T12:12:06.437010,2026-06-30T02:12:07.367558+00:00,70.9,75,ask,,,91208
2026-06-30T12:12:06.764197,2026-06-30T02:12:07.704352+00:00,70.4,40,ask,,,91212
2026-06-30T12:12:07.579499,2026-06-30T02:12:08.507294+00:00,70.9,50,bid,,,91220
2026-06-30T12:12:08.636995,2026-06-30T02:12:09.561790+00:00,70.9,25,bid,,,91238
2026-06-30T12:12:08.636995,2026-06-30T02:12:09.561790+00:00,71.4,20,bid,,,91239
2026-06-30T12:12:09.685307,2026-06-30T02:12:10.614214+00:00,71.0,50,bid,,,91254
2026-06-30T12:12:11.791651,2026-06-30T02:12:12.713867+00:00,71.0,50,bid,,,91289
2026-06-30T12:12:13.899826,2026-06-30T02:12:14.825290+00:00,71.4,50,bid,,,91323
2026-06-30T12:12:14.148099,2026-06-30T02:12:15.073975+00:00,71.0,44,ask,,,91327
2026-06-30T12:12:14.729379,2026-06-30T02:12:15.651052+00:00,71.4,44,bid,,,91340
2026-06-30T12:12:16.005557,2026-06-30T02:12:16.932246+00:00,71.6,50,bid,,,91358
2026-06-30T12:12:18.110327,2026-06-30T02:12:19.037534+00:00,71.6,50,bid,,,91383
2026-06-30T12:12:20.215976,2026-06-30T02:12:21.142984+00:00,71.8,50,bid,,,91397
2026-06-30T12:12:22.323160,2026-06-30T02:12:23.245461+00:00,71.9,50,bid,,,91424
2026-06-30T12:12:22.820960,2026-06-30T02:12:23.747401+00:00,71.4,48,ask,,,91432
2026-06-30T12:12:23.365844,2026-06-30T02:12:24.301116+00:00,71.9,43,bid,,,91439
2026-06-30T12:12:23.421811,2026-06-30T02:12:24.345358+00:00,71.4,47,ask,,,91440
2026-06-30T12:12:26.585212,2026-06-30T02:12:27.509613+00:00,71.5,50,ask,,,91473
2026-06-30T12:12:28.169301,2026-06-30T02:12:29.095221+00:00,71.9,45,bid,,,91499
2026-06-30T12:12:28.223698,2026-06-30T02:12:29.148604+00:00,71.5,41,ask,,,91501
2026-06-30T12:12:28.691574,2026-06-30T02:12:29.616272+00:00,71.4,50,ask,,,91505
2026-06-30T12:12:34.344326,2026-06-30T02:12:35.266520+00:00,71.2,44,ask,,,91569
2026-06-30T12:12:37.110866,2026-06-30T02:12:38.033953+00:00,71.2,50,ask,,,91601
2026-06-30T12:12:39.006103,2026-06-30T02:12:39.936377+00:00,71.6,48,bid,,,91626
2026-06-30T12:12:39.168218,2026-06-30T02:12:40.097486+00:00,71.6,50,bid,,,91630
2026-06-30T12:12:42.240086,2026-06-30T02:12:43.167145+00:00,71.5,44,bid,,,91663
2026-06-30T12:12:43.433748,2026-06-30T02:12:44.356067+00:00,71.1,50,ask,,,91684
2026-06-30T12:12:44.987223,2026-06-30T02:12:45.912928+00:00,71.0,43,ask,,,91697
2026-06-30T12:12:45.517833,2026-06-30T02:12:46.444057+00:00,71.0,49,ask,,,91705
2026-06-30T12:12:45.561402,2026-06-30T02:12:46.487344+00:00,71.0,8,ask,,,91706
2026-06-30T12:12:45.561402,2026-06-30T02:12:46.487344+00:00,71.0,42,ask,,,91707
2026-06-30T12:12:47.011586,2026-06-30T02:12:47.934103+00:00,71.1,40,bid,,,91722
2026-06-30T12:12:47.668777,2026-06-30T02:12:48.597545+00:00,70.9,50,ask,,,91728
2026-06-30T12:12:48.029978,2026-06-30T02:12:48.957506+00:00,71.1,45,bid,,,91731
2026-06-30T12:12:49.113864,2026-06-30T02:12:50.037803+00:00,71.1,15,bid,,,91741
2026-06-30T12:12:49.627883,2026-06-30T02:12:50.558288+00:00,70.9,41,ask,,,91750
2026-06-30T12:12:49.775595,2026-06-30T02:12:50.700748+00:00,70.9,50,ask,,,91759
2026-06-30T12:12:50.581802,2026-06-30T02:12:51.507223+00:00,71.4,42,bid,,,91761
2026-06-30T12:12:50.725465,2026-06-30T02:12:51.647760+00:00,71.0,100,ask,,,91763
2026-06-30T12:12:51.741038,2026-06-30T02:12:52.667721+00:00,70.5,45,ask,,,91776
2026-06-30T12:12:54.202778,2026-06-30T02:12:55.133284+00:00,71.2,45,bid,,,91806
2026-06-30T12:12:56.099565,2026-06-30T02:12:57.030093+00:00,70.7,50,ask,,,91833
2026-06-30T12:12:57.316963,2026-06-30T02:12:58.238693+00:00,70.5,40,ask,,,91854
2026-06-30T12:12:58.154660,2026-06-30T02:12:59.076451+00:00,71.0,50,bid,,,91858
2026-06-30T12:12:58.992635,2026-06-30T02:12:59.923156+00:00,70.5,44,ask,,,91871
2026-06-30T12:13:00.063663,2026-06-30T02:13:00.986476+00:00,70.9,45,bid,,,91886
2026-06-30T12:13:00.265797,2026-06-30T02:13:01.191003+00:00,70.9,50,bid,,,91891
2026-06-30T12:13:02.093906,2026-06-30T02:13:03.015365+00:00,70.9,5,bid,,,91919
2026-06-30T12:13:02.093906,2026-06-30T02:13:03.026411+00:00,71.0,35,bid,,,91920
2026-06-30T12:13:02.147564,2026-06-30T02:13:03.069681+00:00,70.5,40,ask,,,91921
2026-06-30T12:13:02.370598,2026-06-30T02:13:03.298239+00:00,71.0,50,bid,,,91922
2026-06-30T12:13:03.253841,2026-06-30T02:13:04.181036+00:00,71.0,43,bid,,,91931
2026-06-30T12:13:04.237116,2026-06-30T02:13:05.159936+00:00,70.8,42,ask,,,91937
2026-06-30T12:13:04.477612,2026-06-30T02:13:05.399813+00:00,71.1,50,bid,,,91944
2026-06-30T12:13:05.290162,2026-06-30T02:13:06.216230+00:00,71.1,44,bid,,,91954
2026-06-30T12:13:05.884631,2026-06-30T02:13:06.810845+00:00,70.8,44,ask,,,91968
2026-06-30T12:13:06.538247,2026-06-30T02:13:07.463266+00:00,71.2,100,ask,,,91978
2026-06-30T12:13:06.583973,2026-06-30T02:13:07.507513+00:00,71.2,50,bid,,,91981
2026-06-30T12:13:07.620108,2026-06-30T02:13:08.549852+00:00,70.7,49,ask,,,91990
2026-06-30T12:13:08.740591,2026-06-30T02:13:09.668490+00:00,70.7,50,ask,,,92000
2026-06-30T12:13:10.847204,2026-06-30T02:13:11.778256+00:00,70.8,50,ask,,,92018
2026-06-30T12:13:11.149163,2026-06-30T02:13:12.073264+00:00,71.3,41,bid,,,92026
2026-06-30T12:13:12.901198,2026-06-30T02:13:13.826576+00:00,71.3,50,bid,,,92051
2026-06-30T12:13:13.097237,2026-06-30T02:13:14.021835+00:00,71.3,44,bid,,,92052
2026-06-30T12:13:15.005769,2026-06-30T02:13:15.936465+00:00,71.3,6,bid,,,92068
2026-06-30T12:13:15.005769,2026-06-30T02:13:15.936465+00:00,71.3,44,bid,,,92069
2026-06-30T12:13:17.112309,2026-06-30T02:13:18.037414+00:00,71.6,50,bid,,,92101
2026-06-30T12:13:19.269370,2026-06-30T02:13:20.197837+00:00,71.2,50,ask,,,92136
2026-06-30T12:13:21.325429,2026-06-30T02:13:22.248189+00:00,71.4,50,bid,,,92162
2026-06-30T12:13:23.308360,2026-06-30T02:13:24.238662+00:00,71.1,48,ask,,,92185
2026-06-30T12:13:23.488542,2026-06-30T02:13:24.413267+00:00,71.1,50,ask,,,92188
2026-06-30T12:13:24.764992,2026-06-30T02:13:25.696456+00:00,71.1,2,ask,,,92200
2026-06-30T12:13:24.764992,2026-06-30T02:13:25.696456+00:00,70.8,39,ask,,,92201
2026-06-30T12:13:25.596572,2026-06-30T02:13:26.524287+00:00,70.8,50,ask,,,92215
2026-06-30T12:13:29.805344,2026-06-30T02:13:30.732835+00:00,70.9,50,ask,,,92274
2026-06-30T12:13:31.917999,2026-06-30T02:13:32.842820+00:00,70.6,50,ask,,,92297
2026-06-30T12:13:34.023634,2026-06-30T02:13:34.949834+00:00,70.6,50,ask,,,92326
2026-06-30T12:13:34.290322,2026-06-30T02:13:35.221200+00:00,70.9,42,bid,,,92329
2026-06-30T12:13:36.129879,2026-06-30T02:13:37.057388+00:00,70.7,50,ask,,,92354
2026-06-30T12:13:36.977667,2026-06-30T02:13:37.906150+00:00,70.7,44,ask,,,92360
2026-06-30T12:13:38.242222,2026-06-30T02:13:39.167196+00:00,70.3,50,ask,,,92373
2026-06-30T12:13:40.056835,2026-06-30T02:13:40.982237+00:00,70.7,48,bid,,,92392
2026-06-30T12:13:40.347356,2026-06-30T02:13:41.277297+00:00,70.3,50,ask,,,92396
2026-06-30T12:13:42.453230,2026-06-30T02:13:43.378025+00:00,70.3,50,ask,,,92418
2026-06-30T12:13:43.472307,2026-06-30T02:13:44.399966+00:00,70.5,46,bid,,,92430
2026-06-30T12:13:44.035262,2026-06-30T02:13:44.962258+00:00,70.3,45,ask,,,92437
2026-06-30T12:13:44.559837,2026-06-30T02:13:45.484756+00:00,70.1,50,ask,,,92442
2026-06-30T12:13:46.666431,2026-06-30T02:13:47.587342+00:00,70.1,50,ask,,,92475
2026-06-30T12:13:48.772893,2026-06-30T02:13:49.704226+00:00,70.0,50,ask,,,92499
2026-06-30T12:13:50.826834,2026-06-30T02:13:51.757361+00:00,70.4,50,bid,,,92529
2026-06-30T12:13:52.993925,2026-06-30T02:13:53.924074+00:00,70.0,50,ask,,,92546
2026-06-30T12:13:53.687875,2026-06-30T02:13:54.618801+00:00,70.5,44,bid,,,92555
2026-06-30T12:13:55.100099,2026-06-30T02:13:56.023131+00:00,70.0,50,ask,,,92570
2026-06-30T12:13:57.207131,2026-06-30T02:13:58.128830+00:00,70.0,50,ask,,,92595
2026-06-30T12:13:59.312787,2026-06-30T02:14:00.237703+00:00,70.0,50,ask,,,92616
2026-06-30T12:14:00.142235,2026-06-30T02:14:01.065446+00:00,70.5,48,bid,,,92628
2026-06-30T12:14:00.669403,2026-06-30T02:14:01.599970+00:00,70.0,49,ask,,,92634
2026-06-30T12:14:00.699700,2026-06-30T02:14:01.622066+00:00,70.3,125,bid,,,92637
2026-06-30T12:14:01.420552,2026-06-30T02:14:02.348425+00:00,70.0,50,ask,,,92647
2026-06-30T12:14:02.854344,2026-06-30T02:14:03.782154+00:00,70.1,75,bid,,,92664
2026-06-30T12:14:05.454790,2026-06-30T02:14:06.384369+00:00,70.1,25,bid,,,92694
2026-06-30T12:14:05.454790,2026-06-30T02:14:06.384369+00:00,70.5,23,bid,,,92695
2026-06-30T12:14:05.578588,2026-06-30T02:14:06.503197+00:00,70.5,50,bid,,,92696
2026-06-30T12:14:06.502015,2026-06-30T02:14:07.428482+00:00,70.0,42,ask,,,92710
2026-06-30T12:14:07.685432,2026-06-30T02:14:08.613195+00:00,70.4,50,bid,,,92722
2026-06-30T12:14:09.843699,2026-06-30T02:14:10.778061+00:00,70.5,50,ask,,,92755
2026-06-30T12:14:09.867208,2026-06-30T02:14:10.788638+00:00,70.8,44,bid,,,92756
2026-06-30T12:14:10.458159,2026-06-30T02:14:11.387707+00:00,70.5,45,ask,,,92764
2026-06-30T12:14:11.897948,2026-06-30T02:14:12.824300+00:00,70.8,50,bid,,,92785
2026-06-30T12:14:11.976292,2026-06-30T02:14:12.899883+00:00,70.5,42,ask,,,92788
2026-06-30T12:14:12.940357,2026-06-30T02:14:13.868514+00:00,70.3,100,ask,,,92800
2026-06-30T12:14:14.005439,2026-06-30T02:14:14.936220+00:00,70.3,50,bid,,,92817
2026-06-30T12:14:14.580536,2026-06-30T02:14:15.511797+00:00,70.8,40,bid,,,92830
2026-06-30T12:14:18.213482,2026-06-30T02:14:19.138202+00:00,70.8,50,bid,,,92870
2026-06-30T12:14:19.713975,2026-06-30T02:14:20.637506+00:00,70.9,47,bid,,,92887
2026-06-30T12:14:20.318309,2026-06-30T02:14:21.247792+00:00,70.9,50,bid,,,92893
2026-06-30T12:14:21.771871,2026-06-30T02:14:22.694374+00:00,70.7,100,ask,,,92911
2026-06-30T12:14:22.475727,2026-06-30T02:14:23.403179+00:00,70.5,50,ask,,,92921
2026-06-30T12:14:23.940721,2026-06-30T02:14:24.870885+00:00,70.5,44,ask,,,92938
2026-06-30T12:14:24.581198,2026-06-30T02:14:25.503887+00:00,70.5,50,ask,,,92949
2026-06-30T12:14:25.582749,2026-06-30T02:14:26.505099+00:00,70.6,100,ask,,,92965
2026-06-30T12:14:26.404094,2026-06-30T02:14:27.328995+00:00,70.5,46,bid,,,92972
2026-06-30T12:14:26.685540,2026-06-30T02:14:27.614408+00:00,70.0,50,ask,,,92979
2026-06-30T12:14:27.205628,2026-06-30T02:14:28.127299+00:00,70.5,4,bid,,,92985
2026-06-30T12:14:28.797019,2026-06-30T02:14:29.727622+00:00,70.6,50,ask,,,92998
2026-06-30T12:14:29.024057,2026-06-30T02:14:29.955198+00:00,70.6,40,ask,,,93001
2026-06-30T12:14:29.632890,2026-06-30T02:14:30.564425+00:00,70.9,49,bid,,,93016
2026-06-30T12:14:30.906689,2026-06-30T02:14:31.837073+00:00,70.6,50,ask,,,93031
2026-06-30T12:14:31.904123,2026-06-30T02:14:32.826481+00:00,70.6,100,ask,,,93044
2026-06-30T12:14:32.961983,2026-06-30T02:14:33.894117+00:00,70.6,50,bid,,,93057
2026-06-30T12:14:35.124301,2026-06-30T02:14:36.048076+00:00,70.7,50,ask,,,93093
2026-06-30T12:14:37.180831,2026-06-30T02:14:38.105029+00:00,70.8,50,bid,,,93120
2026-06-30T12:14:39.068891,2026-06-30T02:14:39.995401+00:00,70.4,46,ask,,,93151
2026-06-30T12:14:39.285908,2026-06-30T02:14:40.211771+00:00,70.9,50,bid,,,93152
2026-06-30T12:14:41.391480,2026-06-30T02:14:42.318072+00:00,71.1,50,bid,,,93173
2026-06-30T12:14:42.374329,2026-06-30T02:14:43.297378+00:00,71.1,46,bid,,,93187
2026-06-30T12:14:43.497962,2026-06-30T02:14:44.428545+00:00,71.1,4,bid,,,93202
2026-06-30T12:14:43.497962,2026-06-30T02:14:44.428545+00:00,71.1,46,bid,,,93203
2026-06-30T12:14:45.198686,2026-06-30T02:14:46.120278+00:00,70.9,48,ask,,,93222
2026-06-30T12:14:45.614855,2026-06-30T02:14:46.546118+00:00,71.3,50,bid,,,93228
2026-06-30T12:14:46.655076,2026-06-30T02:14:47.580186+00:00,70.9,45,ask,,,93240
2026-06-30T12:14:47.709280,2026-06-30T02:14:48.635175+00:00,71.0,100,ask,,,93247
2026-06-30T12:14:47.721989,2026-06-30T02:14:48.646237+00:00,70.9,50,bid,,,93248
2026-06-30T12:14:48.327083,2026-06-30T02:14:49.253992+00:00,71.5,47,bid,,,93260
2026-06-30T12:14:51.943004,2026-06-30T02:14:52.867631+00:00,71.5,50,bid,,,93305
2026-06-30T12:14:52.035118,2026-06-30T02:14:52.965337+00:00,71.0,47,ask,,,93306
2026-06-30T12:14:54.454188,2026-06-30T02:14:55.378419+00:00,71.0,104,ask,,,93339
2026-06-30T12:14:56.203434,2026-06-30T02:14:57.127653+00:00,71.0,46,ask,,,93360
2026-06-30T12:14:56.203434,2026-06-30T02:14:57.127653+00:00,70.9,4,ask,,,93361
2026-06-30T12:14:58.259761,2026-06-30T02:14:59.183919+00:00,70.7,50,bid,,,93379
2026-06-30T12:14:59.711262,2026-06-30T02:15:00.636006+00:00,70.7,100,bid,,,93393
2026-06-30T12:15:00.364378,2026-06-30T02:15:01.287424+00:00,71.2,50,bid,,,93399
2026-06-30T12:15:02.474022,2026-06-30T02:15:03.399678+00:00,71.2,50,bid,,,93423
2026-06-30T12:15:03.442499,2026-06-30T02:15:04.368194+00:00,71.1,43,bid,,,93431
2026-06-30T12:15:03.472663,2026-06-30T02:15:04.400923+00:00,71.1,57,bid,,,93432
2026-06-30T12:15:04.478672,2026-06-30T02:15:05.403707+00:00,71.1,43,ask,,,93443
2026-06-30T12:15:06.094245,2026-06-30T02:15:07.020850+00:00,71.1,50,ask,,,93460
2026-06-30T12:15:06.723962,2026-06-30T02:15:07.653090+00:00,70.7,47,bid,,,93476
2026-06-30T12:15:07.306483,2026-06-30T02:15:08.239090+00:00,70.5,47,ask,,,93480
2026-06-30T12:15:08.837465,2026-06-30T02:15:09.761117+00:00,70.5,50,ask,,,93499
2026-06-30T12:15:10.892208,2026-06-30T02:15:11.817528+00:00,70.8,50,bid,,,93534
2026-06-30T12:15:10.986902,2026-06-30T02:15:11.915251+00:00,70.8,45,bid,,,93537
2026-06-30T12:15:13.051700,2026-06-30T02:15:13.978383+00:00,70.6,50,ask,,,93549
2026-06-30T12:15:13.507625,2026-06-30T02:15:14.437036+00:00,70.6,48,ask,,,93559
2026-06-30T12:15:14.600317,2026-06-30T02:15:15.531802+00:00,70.6,2,ask,,,93568
2026-06-30T12:15:15.157938,2026-06-30T02:15:16.085699+00:00,70.5,50,ask,,,93574
2026-06-30T12:15:15.245662,2026-06-30T02:15:16.172295+00:00,71.0,46,bid,,,93575
2026-06-30T12:15:15.816308,2026-06-30T02:15:16.748181+00:00,70.8,47,bid,,,93582
2026-06-30T12:15:19.365738,2026-06-30T02:15:20.294925+00:00,70.7,50,ask,,,93620
2026-06-30T12:15:21.472826,2026-06-30T02:15:22.403959+00:00,70.7,50,ask,,,93643
2026-06-30T12:15:22.143321,2026-06-30T02:15:23.066904+00:00,70.7,42,ask,,,93653
2026-06-30T12:15:22.529949,2026-06-30T02:15:23.457235+00:00,70.7,100,ask,,,93660
2026-06-30T12:15:22.751156,2026-06-30T02:15:23.675015+00:00,70.6,42,bid,,,93665
2026-06-30T12:15:23.394582,2026-06-30T02:15:24.325472+00:00,70.1,49,ask,,,93671
2026-06-30T12:15:23.580689,2026-06-30T02:15:24.509794+00:00,70.1,50,ask,,,93674
2026-06-30T12:15:25.634394,2026-06-30T02:15:26.564113+00:00,70.8,50,bid,,,93690
2026-06-30T12:15:25.855978,2026-06-30T02:15:26.780150+00:00,70.3,49,ask,,,93693
2026-06-30T12:15:29.915441,2026-06-30T02:15:30.837499+00:00,70.5,50,ask,,,93732
2026-06-30T12:15:30.450445,2026-06-30T02:15:31.379975+00:00,70.8,45,bid,,,93738
2026-06-30T12:15:31.854501,2026-06-30T02:15:32.778530+00:00,70.5,46,ask,,,93750
2026-06-30T12:15:32.014838,2026-06-30T02:15:32.942133+00:00,70.2,100,ask,,,93755
2026-06-30T12:15:32.026370,2026-06-30T02:15:32.953196+00:00,70.2,50,bid,,,93756
2026-06-30T12:15:34.080560,2026-06-30T02:15:35.007225+00:00,70.7,50,bid,,,93779
2026-06-30T12:15:34.891484,2026-06-30T02:15:35.823314+00:00,70.6,43,bid,,,93796
2026-06-30T12:15:35.511646,2026-06-30T02:15:36.433960+00:00,70.5,49,ask,,,93803
2026-06-30T12:15:36.138263,2026-06-30T02:15:37.065267+00:00,70.6,41,bid,,,93806
2026-06-30T12:15:36.186640,2026-06-30T02:15:37.118189+00:00,70.6,16,bid,,,93807
2026-06-30T12:15:36.186640,2026-06-30T02:15:37.118189+00:00,71.0,34,bid,,,93808
2026-06-30T12:15:36.597911,2026-06-30T02:15:37.519962+00:00,71.0,44,bid,,,93813
2026-06-30T12:15:38.295217,2026-06-30T02:15:39.217590+00:00,70.9,50,bid,,,93836
2026-06-30T12:15:40.401151,2026-06-30T02:15:41.326329+00:00,70.9,50,bid,,,93855
2026-06-30T12:15:40.830467,2026-06-30T02:15:41.758814+00:00,70.7,50,ask,,,93863
2026-06-30T12:15:42.510674,2026-06-30T02:15:43.437671+00:00,70.9,50,bid,,,93887
2026-06-30T12:15:44.616766,2026-06-30T02:15:45.547790+00:00,70.8,50,bid,,,93918
2026-06-30T12:15:46.723026,2026-06-30T02:15:47.647281+00:00,70.8,50,bid,,,93952
2026-06-30T12:15:47.846999,2026-06-30T02:15:48.770990+00:00,70.8,48,ask,,,93974
2026-06-30T12:15:48.881530,2026-06-30T02:15:49.807492+00:00,70.8,50,ask,,,93998
2026-06-30T12:15:50.987011,2026-06-30T02:15:51.917258+00:00,70.8,50,ask,,,94028
2026-06-30T12:15:53.092202,2026-06-30T02:15:54.023344+00:00,70.8,50,ask,,,94058
2026-06-30T12:15:53.974790,2026-06-30T02:15:54.905256+00:00,70.8,47,ask,,,94071
2026-06-30T12:15:55.197131,2026-06-30T02:15:56.126803+00:00,70.5,50,ask,,,94092
2026-06-30T12:15:56.299304,2026-06-30T02:15:57.226380+00:00,70.6,41,bid,,,94110
2026-06-30T12:15:57.305511,2026-06-30T02:15:58.236504+00:00,70.3,50,ask,,,94125
2026-06-30T12:15:58.199944,2026-06-30T02:15:59.129716+00:00,70.7,42,bid,,,94139
2026-06-30T12:15:59.415670,2026-06-30T02:16:00.337904+00:00,70.3,50,ask,,,94156
2026-06-30T12:16:00.507519,2026-06-30T02:16:01.436200+00:00,70.8,40,bid,,,94174
2026-06-30T12:16:03.627425,2026-06-30T02:16:04.549860+00:00,70.7,50,ask,,,94219
2026-06-30T12:16:05.732470,2026-06-30T02:16:06.660090+00:00,70.7,50,ask,,,94245
2026-06-30T12:16:07.788305,2026-06-30T02:16:08.713057+00:00,70.8,50,bid,,,94271
2026-06-30T12:16:09.894401,2026-06-30T02:16:10.821254+00:00,70.9,50,bid,,,94301
2026-06-30T12:16:12.056891,2026-06-30T02:16:12.990038+00:00,70.4,50,ask,,,94332
2026-06-30T12:16:13.046317,2026-06-30T02:16:13.968767+00:00,70.5,43,ask,,,94339
2026-06-30T12:16:14.161576,2026-06-30T02:16:15.089875+00:00,70.5,50,ask,,,94362
2026-06-30T12:16:14.640998,2026-06-30T02:16:15.568831+00:00,70.9,46,bid,,,94373
2026-06-30T12:16:17.509729,2026-06-30T02:16:18.437839+00:00,70.4,44,ask,,,94413
2026-06-30T12:16:18.083411,2026-06-30T02:16:19.006123+00:00,70.8,47,bid,,,94420
2026-06-30T12:16:18.708985,2026-06-30T02:16:19.637890+00:00,70.3,44,ask,,,94437
2026-06-30T12:16:20.263909,2026-06-30T02:16:21.195464+00:00,70.4,44,ask,,,94456
2026-06-30T12:16:22.546108,2026-06-30T02:16:23.477610+00:00,70.7,50,bid,,,94487
2026-06-30T12:16:24.210320,2026-06-30T02:16:25.143027+00:00,70.7,44,bid,,,94510
2026-06-30T12:16:24.663301,2026-06-30T02:16:25.588031+00:00,70.7,6,bid,,,94518
2026-06-30T12:16:24.663301,2026-06-30T02:16:25.588031+00:00,70.8,44,bid,,,94519
2026-06-30T12:16:26.769727,2026-06-30T02:16:27.698515+00:00,70.9,50,bid,,,94546
2026-06-30T12:16:28.858285,2026-06-30T02:16:29.787381+00:00,70.8,40,ask,,,94576
2026-06-30T12:16:28.874992,2026-06-30T02:16:29.797480+00:00,71.3,50,bid,,,94577
2026-06-30T12:16:30.373232,2026-06-30T02:16:31.299994+00:00,71.1,49,bid,,,94606
2026-06-30T12:16:30.980441,2026-06-30T02:16:31.908545+00:00,71.1,50,bid,,,94610
2026-06-30T12:16:30.990925,2026-06-30T02:16:31.919627+00:00,70.8,45,ask,,,94611
2026-06-30T12:16:31.641950,2026-06-30T02:16:32.572843+00:00,71.1,49,bid,,,94620
2026-06-30T12:16:32.055901,2026-06-30T02:16:32.986055+00:00,71.3,100,bid,,,94630
2026-06-30T12:16:33.087386,2026-06-30T02:16:34.018689+00:00,71.8,50,bid,,,94641
2026-06-30T12:16:35.803609,2026-06-30T02:16:36.731158+00:00,71.1,43,ask,,,94682
2026-06-30T12:16:36.267231,2026-06-30T02:16:37.198372+00:00,71.1,47,ask,,,94687
2026-06-30T12:16:37.316706,2026-06-30T02:16:38.242388+00:00,71.6,47,bid,,,94701
2026-06-30T12:16:37.378849,2026-06-30T02:16:38.308451+00:00,71.1,10,ask,,,94703
2026-06-30T12:16:37.378849,2026-06-30T02:16:38.308451+00:00,71.1,38,ask,,,94704
2026-06-30T12:16:37.378999,2026-06-30T02:16:38.308451+00:00,71.1,50,ask,,,94705
2026-06-30T12:16:39.482985,2026-06-30T02:16:40.410074+00:00,70.9,50,ask,,,94732
2026-06-30T12:16:41.589181,2026-06-30T02:16:42.514222+00:00,70.7,50,ask,,,94756
2026-06-30T12:16:41.947719,2026-06-30T02:16:42.873329+00:00,71.1,41,bid,,,94762
2026-06-30T12:16:43.114590,2026-06-30T02:16:44.045320+00:00,71.1,48,bid,,,94772
2026-06-30T12:16:43.695931,2026-06-30T02:16:44.629747+00:00,70.7,50,ask,,,94776
2026-06-30T12:16:44.716746,2026-06-30T02:16:45.642213+00:00,70.9,100,bid,,,94793
2026-06-30T12:16:45.801469,2026-06-30T02:16:46.727997+00:00,71.0,50,ask,,,94803
2026-06-30T12:16:46.807037,2026-06-30T02:16:47.729987+00:00,70.4,47,ask,,,94814
2026-06-30T12:16:50.012265,2026-06-30T02:16:50.940084+00:00,70.5,50,ask,,,94849
2026-06-30T12:16:50.693699,2026-06-30T02:16:51.626355+00:00,70.8,46,bid,,,94857
2026-06-30T12:16:52.117420,2026-06-30T02:16:53.044382+00:00,70.3,50,ask,,,94885
2026-06-30T12:16:52.403634,2026-06-30T02:16:53.326807+00:00,70.3,47,ask,,,94888
2026-06-30T12:16:54.223042,2026-06-30T02:16:55.156189+00:00,70.3,50,ask,,,94909
2026-06-30T12:16:55.109833,2026-06-30T02:16:56.037901+00:00,70.6,45,bid,,,94922
2026-06-30T12:16:56.197808,2026-06-30T02:16:57.124295+00:00,70.6,44,bid,,,94937
2026-06-30T12:16:56.252989,2026-06-30T02:16:57.177705+00:00,70.3,42,ask,,,94939
2026-06-30T12:16:56.278707,2026-06-30T02:16:57.210008+00:00,70.6,11,bid,,,94943
2026-06-30T12:16:56.278707,2026-06-30T02:16:57.210008+00:00,70.8,39,bid,,,94944
2026-06-30T12:16:57.791178,2026-06-30T02:16:58.721875+00:00,70.5,46,bid,,,94965
2026-06-30T12:16:58.386002,2026-06-30T02:16:59.311886+00:00,70.5,50,bid,,,94978
2026-06-30T12:16:58.840228,2026-06-30T02:16:59.767641+00:00,70.4,45,ask,,,94984
2026-06-30T12:16:59.467036,2026-06-30T02:17:00.397459+00:00,70.4,41,ask,,,94995
2026-06-30T12:17:00.229752,2026-06-30T02:17:01.158053+00:00,70.4,100,bid,,,95001
2026-06-30T12:17:02.578443,2026-06-30T02:17:03.507821+00:00,70.4,47,ask,,,95024
2026-06-30T12:17:02.646522,2026-06-30T02:17:03.573253+00:00,70.4,50,ask,,,95026
2026-06-30T12:17:03.719232,2026-06-30T02:17:04.649123+00:00,70.9,48,bid,,,95033
2026-06-30T12:17:05.332214,2026-06-30T02:17:06.259823+00:00,70.5,44,bid,,,95056
2026-06-30T12:17:05.468101,2026-06-30T02:17:06.399760+00:00,70.5,100,bid,,,95060
2026-06-30T12:17:05.891258,2026-06-30T02:17:06.824163+00:00,70.5,6,bid,,,95063
2026-06-30T12:17:06.855065,2026-06-30T02:17:07.782976+00:00,70.6,50,ask,,,95074
2026-06-30T12:17:08.959897,2026-06-30T02:17:09.888147+00:00,70.7,50,ask,,,95099
2026-06-30T12:17:11.064937,2026-06-30T02:17:11.988059+00:00,70.4,50,ask,,,95119
2026-06-30T12:17:13.172182,2026-06-30T02:17:14.095307+00:00,70.0,50,ask,,,95152
2026-06-30T12:17:15.278809,2026-06-30T02:17:16.208282+00:00,70.1,50,ask,,,95179
2026-06-30T12:17:17.349257,2026-06-30T02:17:18.277703+00:00,70.2,50,bid,,,95207
2026-06-30T12:17:19.454124,2026-06-30T02:17:20.385361+00:00,70.5,50,bid,,,95239
2026-06-30T12:17:21.561712,2026-06-30T02:17:22.485072+00:00,70.5,50,bid,,,95267
2026-06-30T12:17:22.531548,2026-06-30T02:17:23.456042+00:00,70.0,46,ask,,,95278
2026-06-30T12:17:23.605116,2026-06-30T02:17:24.535192+00:00,70.1,48,ask,,,95296
2026-06-30T12:17:23.668548,2026-06-30T02:17:24.599040+00:00,70.4,50,bid,,,95300
2026-06-30T12:17:25.012781,2026-06-30T02:17:25.936509+00:00,70.4,48,bid,,,95315
2026-06-30T12:17:25.824319,2026-06-30T02:17:26.753382+00:00,70.3,50,ask,,,95328
2026-06-30T12:17:26.700567,2026-06-30T02:17:27.623233+00:00,70.3,46,ask,,,95334
2026-06-30T12:17:27.931030,2026-06-30T02:17:28.862040+00:00,70.3,4,ask,,,95351
2026-06-30T12:17:27.931030,2026-06-30T02:17:28.862040+00:00,70.0,46,ask,,,95352
2026-06-30T12:17:30.055225,2026-06-30T02:17:30.984423+00:00,69.8,50,ask,,,95374
2026-06-30T12:17:31.981076,2026-06-30T02:17:32.907542+00:00,70.1,44,bid,,,95394
2026-06-30T12:17:32.160835,2026-06-30T02:17:33.090838+00:00,69.6,50,ask,,,95398
2026-06-30T12:17:32.605973,2026-06-30T02:17:33.537424+00:00,70.1,47,bid,,,95406
2026-06-30T12:17:33.094321,2026-06-30T02:17:34.025284+00:00,70.1,47,bid,,,95411
2026-06-30T12:17:33.147942,2026-06-30T02:17:34.078171+00:00,69.9,47,ask,,,95413
2026-06-30T12:17:34.276178,2026-06-30T02:17:35.202954+00:00,69.9,50,ask,,,95423
2026-06-30T12:17:36.381047,2026-06-30T02:17:37.314178+00:00,69.8,50,ask,,,95447
2026-06-30T12:17:37.067206,2026-06-30T02:17:37.997360+00:00,69.8,47,ask,,,95454
2026-06-30T12:17:38.226897,2026-06-30T02:17:39.154934+00:00,69.9,45,bid,,,95468
2026-06-30T12:17:38.488399,2026-06-30T02:17:39.416182+00:00,69.4,50,ask,,,95472
2026-06-30T12:17:38.869766,2026-06-30T02:17:39.796310+00:00,69.4,49,ask,,,95475
2026-06-30T12:17:40.512538,2026-06-30T02:17:41.440100+00:00,69.9,46,bid,,,95501
2026-06-30T12:17:42.698286,2026-06-30T02:17:43.624067+00:00,69.5,50,ask,,,95529
2026-06-30T12:17:43.839326,2026-06-30T02:17:44.764283+00:00,69.5,47,ask,,,95543
2026-06-30T12:17:44.753718,2026-06-30T02:17:45.678419+00:00,69.7,50,bid,,,95558
2026-06-30T12:17:46.719570,2026-06-30T02:17:47.645893+00:00,69.6,43,bid,,,95583
2026-06-30T12:17:46.858425,2026-06-30T02:17:47.788305+00:00,69.6,50,bid,,,95587
2026-06-30T12:17:48.948942,2026-06-30T02:17:49.875689+00:00,69.7,41,bid,,,95612
2026-06-30T12:17:51.122296,2026-06-30T02:17:52.047335+00:00,69.5,50,ask,,,95632
2026-06-30T12:17:53.229635,2026-06-30T02:17:54.156549+00:00,69.5,50,ask,,,95659
2026-06-30T12:17:55.340449,2026-06-30T02:17:56.267117+00:00,69.6,50,ask,,,95687
2026-06-30T12:17:57.203024,2026-06-30T02:17:58.132793+00:00,69.6,48,ask,,,95710
2026-06-30T12:17:57.395402,2026-06-30T02:17:58.327666+00:00,69.8,50,bid,,,95713
2026-06-30T12:17:57.773072,2026-06-30T02:17:58.697658+00:00,69.6,49,bid,,,95716
2026-06-30T12:17:58.382749,2026-06-30T02:17:59.307235+00:00,69.3,48,ask,,,95727
2026-06-30T12:18:01.657802,2026-06-30T02:18:02.581859+00:00,69.4,50,ask,,,95763
2026-06-30T12:18:07.970232,2026-06-30T02:18:08.899897+00:00,69.2,50,ask,,,95835
2026-06-30T12:18:10.024575,2026-06-30T02:18:10.953236+00:00,69.5,50,bid,,,95856
2026-06-30T12:18:11.826584,2026-06-30T02:18:12.760167+00:00,69.7,44,bid,,,95875
2026-06-30T12:18:12.130859,2026-06-30T02:18:13.064146+00:00,69.7,50,bid,,,95883
2026-06-30T12:18:12.707494,2026-06-30T02:18:13.639079+00:00,69.8,45,bid,,,95888
2026-06-30T12:18:12.761545,2026-06-30T02:18:13.694406+00:00,69.4,40,ask,,,95889
2026-06-30T12:18:14.240340,2026-06-30T02:18:15.171799+00:00,69.9,50,bid,,,95903
2026-06-30T12:18:14.902564,2026-06-30T02:18:15.834385+00:00,69.6,46,ask,,,95916
2026-06-30T12:18:15.503766,2026-06-30T02:18:16.430945+00:00,69.9,48,bid,,,95921
2026-06-30T12:18:18.149943,2026-06-30T02:18:19.077156+00:00,69.9,45,bid,,,95956
2026-06-30T12:18:18.628485,2026-06-30T02:18:19.555034+00:00,69.7,44,ask,,,95959
2026-06-30T12:18:20.555370,2026-06-30T02:18:21.486214+00:00,70.1,50,bid,,,95978
2026-06-30T12:18:21.346447,2026-06-30T02:18:22.278791+00:00,69.6,41,ask,,,95984
2026-06-30T12:18:22.729897,2026-06-30T02:18:23.661196+00:00,69.7,50,ask,,,96000
2026-06-30T12:18:23.040236,2026-06-30T02:18:23.967781+00:00,69.7,42,ask,,,96011
2026-06-30T12:18:24.784066,2026-06-30T02:18:25.715445+00:00,70.2,50,bid,,,96023
2026-06-30T12:18:26.890099,2026-06-30T02:18:27.818346+00:00,69.9,50,bid,,,96058
2026-06-30T12:18:29.000981,2026-06-30T02:18:29.927960+00:00,70.1,50,bid,,,96090
2026-06-30T12:18:31.108398,2026-06-30T02:18:32.037701+00:00,70.2,50,bid,,,96112
2026-06-30T12:18:32.846749,2026-06-30T02:18:33.777194+00:00,70.4,43,bid,,,96130
2026-06-30T12:18:33.223428,2026-06-30T02:18:34.157833+00:00,70.4,50,bid,,,96137
2026-06-30T12:18:33.963967,2026-06-30T02:18:34.896258+00:00,70.4,7,bid,,,96147
2026-06-30T12:18:34.017470,2026-06-30T02:18:34.949664+00:00,70.1,44,ask,,,96148
2026-06-30T12:18:35.329255,2026-06-30T02:18:36.257263+00:00,70.7,50,bid,,,96162
2026-06-30T12:18:36.745930,2026-06-30T02:18:37.671994+00:00,70.2,47,ask,,,96182
2026-06-30T12:18:37.434724,2026-06-30T02:18:38.367107+00:00,70.3,50,bid,,,96192
2026-06-30T12:18:39.318992,2026-06-30T02:18:40.248041+00:00,70.5,42,bid,,,96211
2026-06-30T12:18:39.540307,2026-06-30T02:18:40.466613+00:00,70.5,50,bid,,,96212
2026-06-30T12:18:40.490759,2026-06-30T02:18:41.418978+00:00,70.5,8,bid,,,96225
2026-06-30T12:18:40.490759,2026-06-30T02:18:41.418978+00:00,70.5,40,bid,,,96226
2026-06-30T12:18:41.417398,2026-06-30T02:18:42.346356+00:00,70.2,41,ask,,,96239
2026-06-30T12:18:41.646261,2026-06-30T02:18:42.574431+00:00,70.5,50,bid,,,96244
2026-06-30T12:18:43.804539,2026-06-30T02:18:44.735019+00:00,70.2,50,ask,,,96273
2026-06-30T12:18:44.086950,2026-06-30T02:18:45.093004+00:00,70.5,47,bid,,,96276
2026-06-30T12:18:44.725358,2026-06-30T02:18:45.655906+00:00,70.0,47,ask,,,96285
2026-06-30T12:18:45.872280,2026-06-30T02:18:47.525288+00:00,70.1,42,ask,,,96296
2026-06-30T12:18:45.926662,2026-06-30T02:18:47.525288+00:00,70.1,50,ask,,,96298
2026-06-30T12:18:47.316908,2026-06-30T02:18:48.244138+00:00,70.6,40,bid,,,96315
2026-06-30T12:18:48.036217,2026-06-30T02:18:48.960982+00:00,70.0,50,ask,,,96329
2026-06-30T12:18:50.090586,2026-06-30T02:18:51.017319+00:00,70.4,50,bid,,,96349
2026-06-30T12:18:50.439961,2026-06-30T02:18:51.373206+00:00,70.0,49,ask,,,96351
2026-06-30T12:18:51.249021,2026-06-30T02:18:52.175390+00:00,70.3,100,ask,,,96354
2026-06-30T12:18:51.998928,2026-06-30T02:18:52.925226+00:00,70.1,45,bid,,,96361
2026-06-30T12:18:52.194641,2026-06-30T02:18:53.118576+00:00,70.1,5,bid,,,96363
2026-06-30T12:18:52.194641,2026-06-30T02:18:53.129657+00:00,70.8,45,bid,,,96364
2026-06-30T12:18:54.305915,2026-06-30T02:18:55.237857+00:00,70.6,50,bid,,,96387
2026-06-30T12:18:56.238479,2026-06-30T02:18:57.164185+00:00,70.6,45,bid,,,96412
2026-06-30T12:18:56.293008,2026-06-30T02:18:57.218077+00:00,70.2,40,ask,,,96415
2026-06-30T12:18:56.412310,2026-06-30T02:18:57.337868+00:00,70.6,5,bid,,,96416
2026-06-30T12:18:56.412310,2026-06-30T02:18:57.337868+00:00,70.7,45,bid,,,96417
2026-06-30T12:18:57.328245,2026-06-30T02:18:58.260959+00:00,70.4,48,ask,,,96426
2026-06-30T12:18:58.573127,2026-06-30T02:18:59.499865+00:00,70.4,50,ask,,,96440
2026-06-30T12:18:59.309715,2026-06-30T02:19:00.238855+00:00,70.7,49,bid,,,96451
2026-06-30T12:19:00.629126,2026-06-30T02:19:01.557451+00:00,70.6,50,bid,,,96459
2026-06-30T12:19:01.328948,2026-06-30T02:19:02.254198+00:00,70.4,47,ask,,,96468
2026-06-30T12:19:02.284433,2026-06-30T02:19:03.210796+00:00,70.6,44,bid,,,96479
2026-06-30T12:19:02.737819,2026-06-30T02:19:03.667807+00:00,70.6,6,bid,,,96485
2026-06-30T12:19:02.737819,2026-06-30T02:19:03.667807+00:00,70.9,44,bid,,,96486
2026-06-30T12:19:04.320526,2026-06-30T02:19:05.244169+00:00,70.4,47,ask,,,96498
2026-06-30T12:19:04.845562,2026-06-30T02:19:05.776341+00:00,70.8,50,bid,,,96510
2026-06-30T12:19:06.362347,2026-06-30T02:19:07.289809+00:00,70.6,100,ask,,,96531
2026-06-30T12:19:06.951784,2026-06-30T02:19:07.877696+00:00,71.1,50,bid,,,96538
2026-06-30T12:19:09.057621,2026-06-30T02:19:09.988372+00:00,70.8,50,bid,,,96570
2026-06-30T12:19:09.981745,2026-06-30T02:19:10.911780+00:00,70.5,100,ask,,,96579
2026-06-30T12:19:11.214269,2026-06-30T02:19:12.142204+00:00,70.4,50,ask,,,96595
2026-06-30T12:19:11.367778,2026-06-30T02:19:12.295271+00:00,70.9,46,bid,,,96598
2026-06-30T12:19:12.373452,2026-06-30T02:19:13.305615+00:00,70.4,47,ask,,,96613
2026-06-30T12:19:17.478413,2026-06-30T02:19:18.409900+00:00,70.8,50,bid,,,96674
2026-06-30T12:19:18.441107,2026-06-30T02:19:19.368894+00:00,70.8,45,bid,,,96690
2026-06-30T12:19:18.962645,2026-06-30T02:19:19.888931+00:00,70.5,43,ask,,,96694
2026-06-30T12:19:19.584359,2026-06-30T02:19:20.508828+00:00,70.9,50,bid,,,96707
2026-06-30T12:19:23.794561,2026-06-30T02:19:24.718965+00:00,70.9,50,bid,,,96762
2026-06-30T12:19:25.962404,2026-06-30T02:19:26.894961+00:00,70.5,50,ask,,,96791
2026-06-30T12:19:26.698498,2026-06-30T02:19:27.631980+00:00,71.0,46,bid,,,96797
2026-06-30T12:19:28.017531,2026-06-30T02:19:28.946410+00:00,71.0,50,bid,,,96820
2026-06-30T12:19:28.370759,2026-06-30T02:19:29.303299+00:00,71.0,4,bid,,,96824
2026-06-30T12:19:28.370759,2026-06-30T02:19:29.303299+00:00,71.0,43,bid,,,96825
2026-06-30T12:19:30.079895,2026-06-30T02:19:31.012223+00:00,70.9,47,ask,,,96848
2026-06-30T12:19:30.124169,2026-06-30T02:19:31.056468+00:00,71.4,50,bid,,,96850
2026-06-30T12:19:32.280830,2026-06-30T02:19:33.212098+00:00,70.7,50,ask,,,96875
2026-06-30T12:19:34.387189,2026-06-30T02:19:35.317797+00:00,70.7,50,ask,,,96907
2026-06-30T12:19:34.627276,2026-06-30T02:19:35.558043+00:00,70.7,44,ask,,,96909
2026-06-30T12:19:36.058173,2026-06-30T02:19:36.985260+00:00,70.6,49,bid,,,96929
2026-06-30T12:19:37.217002,2026-06-30T02:19:38.148649+00:00,70.6,48,bid,,,96943
2026-06-30T12:19:37.938931,2026-06-30T02:19:38.863906+00:00,70.6,53,bid,,,96950
2026-06-30T12:19:38.597764,2026-06-30T02:19:39.527930+00:00,70.6,47,ask,,,96966
2026-06-30T12:19:38.597764,2026-06-30T02:19:39.527930+00:00,70.6,3,ask,,,96967
2026-06-30T12:19:38.833422,2026-06-30T02:19:39.757505+00:00,70.6,43,ask,,,96969
2026-06-30T12:19:39.437657,2026-06-30T02:19:40.364137+00:00,70.6,49,ask,,,96980
2026-06-30T12:19:40.707044,2026-06-30T02:19:41.637529+00:00,70.6,50,ask,,,96998
2026-06-30T12:19:44.866229,2026-06-30T02:19:45.797567+00:00,71.1,50,bid,,,97045
2026-06-30T12:19:46.619695,2026-06-30T02:19:47.546409+00:00,70.9,41,bid,,,97071
2026-06-30T12:19:46.973077,2026-06-30T02:19:47.906403+00:00,70.9,50,bid,,,97080
2026-06-30T12:19:51.182963,2026-06-30T02:19:52.116497+00:00,71.2,50,bid,,,97138
2026-06-30T12:19:52.520543,2026-06-30T02:19:53.443992+00:00,70.7,43,ask,,,97154
2026-06-30T12:19:53.031594,2026-06-30T02:19:53.954959+00:00,71.2,49,bid,,,97158
2026-06-30T12:19:53.289318,2026-06-30T02:19:54.217206+00:00,71.2,1,bid,,,97162
2026-06-30T12:19:53.289318,2026-06-30T02:19:54.217206+00:00,71.2,49,bid,,,97163
2026-06-30T12:19:55.221449,2026-06-30T02:19:56.151165+00:00,70.9,44,ask,,,97180
2026-06-30T12:19:55.394667,2026-06-30T02:19:56.325338+00:00,71.4,50,bid,,,97184
2026-06-30T12:19:57.346498,2026-06-30T02:19:58.272097+00:00,70.9,44,ask,,,97201
2026-06-30T12:19:57.553496,2026-06-30T02:19:58.477452+00:00,70.8,50,ask,,,97204
2026-06-30T12:19:59.518269,2026-06-30T02:20:00.448643+00:00,71.2,44,bid,,,97239
2026-06-30T12:19:59.670828,2026-06-30T02:20:00.602212+00:00,70.8,50,ask,,,97243
2026-06-30T12:20:00.169779,2026-06-30T02:20:01.102087+00:00,70.7,46,ask,,,97247
2026-06-30T12:20:03.841377,2026-06-30T02:20:04.778450+00:00,70.9,50,bid,,,97298
2026-06-30T12:20:05.999324,2026-06-30T02:20:06.927577+00:00,70.7,50,ask,,,97319
2026-06-30T12:20:07.333753,2026-06-30T02:20:08.263147+00:00,70.8,48,bid,,,97334
2026-06-30T12:20:08.060023,2026-06-30T02:20:08.989620+00:00,70.8,50,bid,,,97341
2026-06-30T12:20:09.103702,2026-06-30T02:20:10.035145+00:00,70.8,45,bid,,,97349
2026-06-30T12:20:09.158003,2026-06-30T02:20:10.088542+00:00,70.5,40,ask,,,97350
2026-06-30T12:20:10.125826,2026-06-30T02:20:11.055342+00:00,70.9,100,bid,,,97361
2026-06-30T12:20:12.118486,2026-06-30T02:20:13.042251+00:00,70.9,44,ask,,,97385
2026-06-30T12:20:12.318192,2026-06-30T02:20:13.249722+00:00,70.9,6,ask,,,97386
2026-06-30T12:20:13.094905,2026-06-30T02:20:14.025427+00:00,71.1,49,bid,,,97394
2026-06-30T12:20:14.373318,2026-06-30T02:20:15.298553+00:00,70.7,50,bid,,,97406
2026-06-30T12:20:14.717607,2026-06-30T02:20:15.644630+00:00,70.7,44,bid,,,97410
2026-06-30T12:20:14.771383,2026-06-30T02:20:15.698415+00:00,70.6,43,ask,,,97412
2026-06-30T12:20:15.854751,2026-06-30T02:20:16.788284+00:00,70.7,56,bid,,,97423
2026-06-30T12:20:19.619212,2026-06-30T02:20:20.550943+00:00,71.0,100,bid,,,97464
2026-06-30T12:20:21.643173,2026-06-30T02:20:22.570975+00:00,71.0,43,ask,,,97490
2026-06-30T12:20:22.833650,2026-06-30T02:20:23.757515+00:00,70.9,100,ask,,,97509
2026-06-30T12:20:22.876503,2026-06-30T02:20:23.809971+00:00,70.3,50,ask,,,97511
2026-06-30T12:20:23.159012,2026-06-30T02:20:24.094375+00:00,70.8,48,bid,,,97512
2026-06-30T12:20:23.803933,2026-06-30T02:20:24.735286+00:00,70.3,44,ask,,,97520
2026-06-30T12:20:24.752429,2026-06-30T02:20:25.677332+00:00,70.8,2,bid,,,97530
2026-06-30T12:20:24.752429,2026-06-30T02:20:25.687910+00:00,71.4,47,bid,,,97531
2026-06-30T12:20:27.085298,2026-06-30T02:20:28.016224+00:00,70.8,50,ask,,,97553
2026-06-30T12:20:27.798161,2026-06-30T02:20:28.729974+00:00,70.8,44,ask,,,97556
2026-06-30T12:20:29.138416,2026-06-30T02:20:30.067589+00:00,71.0,50,bid,,,97567
2026-06-30T12:20:30.410347,2026-06-30T02:20:31.339675+00:00,71.0,44,bid,,,97575
2026-06-30T12:20:31.244656,2026-06-30T02:20:32.177216+00:00,71.0,6,bid,,,97586
2026-06-30T12:20:31.244656,2026-06-30T02:20:32.177216+00:00,71.1,44,bid,,,97587
2026-06-30T12:20:31.900166,2026-06-30T02:20:32.828607+00:00,71.1,41,bid,,,97595
2026-06-30T12:20:33.099900,2026-06-30T02:20:34.026266+00:00,71.1,42,ask,,,97608
2026-06-30T12:20:33.401967,2026-06-30T02:20:34.328796+00:00,71.1,50,ask,,,97613
2026-06-30T12:20:34.694380,2026-06-30T02:20:35.620133+00:00,71.1,47,ask,,,97628
2026-06-30T12:20:35.216075,2026-06-30T02:20:36.144674+00:00,71.1,11,ask,,,97634
2026-06-30T12:20:35.506526,2026-06-30T02:20:36.437711+00:00,70.8,50,ask,,,97640
2026-06-30T12:20:37.615077,2026-06-30T02:20:38.547388+00:00,70.8,50,ask,,,97672
2026-06-30T12:20:37.657516,2026-06-30T02:20:38.590776+00:00,71.0,43,bid,,,97675
2026-06-30T12:20:39.721860,2026-06-30T02:20:40.650185+00:00,70.6,50,ask,,,97702
2026-06-30T12:20:43.159025,2026-06-30T02:20:44.087609+00:00,70.9,43,bid,,,97748
2026-06-30T12:20:43.931501,2026-06-30T02:20:44.860103+00:00,70.6,50,ask,,,97759
2026-06-30T12:20:46.228585,2026-06-30T02:20:47.156472+00:00,70.6,40,ask,,,97787
2026-06-30T12:20:46.742024,2026-06-30T02:20:47.667632+00:00,71.0,47,bid,,,97795
2026-06-30T12:20:46.798669,2026-06-30T02:20:47.732108+00:00,70.6,42,ask,,,97798
2026-06-30T12:20:47.310302,2026-06-30T02:20:48.243356+00:00,70.6,18,ask,,,97804
2026-06-30T12:20:48.139368,2026-06-30T02:20:49.070972+00:00,70.7,50,ask,,,97816
2026-06-30T12:20:49.224354,2026-06-30T02:20:50.156075+00:00,70.8,44,bid,,,97823
2026-06-30T12:20:50.193104,2026-06-30T02:20:51.117879+00:00,70.8,50,bid,,,97836
2026-06-30T12:20:51.368401,2026-06-30T02:20:52.302234+00:00,71.0,44,bid,,,97847
2026-06-30T12:20:52.348825,2026-06-30T02:20:53.281250+00:00,70.6,50,ask,,,97862
2026-06-30T12:20:52.924759,2026-06-30T02:20:54.204799+00:00,70.6,42,ask,,,97872
2026-06-30T12:20:54.404866,2026-06-30T02:20:55.337877+00:00,71.3,50,bid,,,97895
2026-06-30T12:20:54.447115,2026-06-30T02:20:55.381174+00:00,70.8,100,ask,,,97898
2026-06-30T12:20:55.565763,2026-06-30T02:20:57.298279+00:00,70.2,41,ask,,,97912
2026-06-30T12:20:56.509740,2026-06-30T02:20:57.570165+00:00,70.7,50,bid,,,97930
2026-06-30T12:20:58.614753,2026-06-30T02:20:59.547927+00:00,70.8,50,bid,,,97967
2026-06-30T12:20:58.637215,2026-06-30T02:20:59.569094+00:00,70.8,45,bid,,,97968
2026-06-30T12:20:59.100560,2026-06-30T02:21:00.025624+00:00,70.6,46,ask,,,97978
2026-06-30T12:21:00.726234,2026-06-30T02:21:01.657599+00:00,70.8,100,bid,,,98003
2026-06-30T12:21:00.782360,2026-06-30T02:21:01.712006+00:00,70.8,50,ask,,,98006
2026-06-30T12:21:03.943521,2026-06-30T02:21:04.868795+00:00,70.9,100,ask,,,98045
2026-06-30T12:21:06.510827,2026-06-30T02:21:07.442884+00:00,70.9,48,bid,,,98076
2026-06-30T12:21:09.207183,2026-06-30T02:21:10.133922+00:00,70.9,50,ask,,,98106
2026-06-30T12:21:11.312541,2026-06-30T02:21:12.243379+00:00,70.9,50,ask,,,98131
2026-06-30T12:21:12.828397,2026-06-30T02:21:13.762284+00:00,70.9,100,ask,,,98149
2026-06-30T12:21:13.239796,2026-06-30T02:21:14.163878+00:00,70.4,47,ask,,,98159
2026-06-30T12:21:15.484199,2026-06-30T02:21:17.138829+00:00,70.6,50,bid,,,98185
2026-06-30T12:21:15.938188,2026-06-30T02:21:17.160960+00:00,70.6,100,bid,,,98190
2026-06-30T12:21:16.188601,2026-06-30T02:21:17.160960+00:00,71.2,40,bid,,,98193
2026-06-30T12:21:19.148890,2026-06-30T02:21:20.077364+00:00,70.8,100,ask,,,98226
2026-06-30T12:21:19.360809,2026-06-30T02:21:20.284284+00:00,70.8,40,ask,,,98230
2026-06-30T12:21:21.798370,2026-06-30T02:21:22.729085+00:00,70.5,50,bid,,,98264
2026-06-30T12:21:22.061457,2026-06-30T02:21:22.991886+00:00,70.5,43,bid,,,98269
2026-06-30T12:21:22.255600,2026-06-30T02:21:23.197784+00:00,70.5,57,bid,,,98272
2026-06-30T12:21:23.904379,2026-06-30T02:21:24.832161+00:00,71.1,50,bid,,,98289
2026-06-30T12:21:26.010993,2026-06-30T02:21:26.937944+00:00,70.9,50,bid,,,98313
2026-06-30T12:21:28.116896,2026-06-30T02:21:29.050071+00:00,70.9,50,bid,,,98336
2026-06-30T12:21:29.521664,2026-06-30T02:21:30.450886+00:00,70.7,45,ask,,,98354
2026-06-30T12:21:30.058927,2026-06-30T02:21:30.984392+00:00,70.9,42,bid,,,98364
2026-06-30T12:21:34.431673,2026-06-30T02:21:35.364368+00:00,71.1,50,bid,,,98418
2026-06-30T12:21:36.536552,2026-06-30T02:21:37.463313+00:00,71.1,50,bid,,,98442
2026-06-30T12:21:38.461071,2026-06-30T02:21:39.386382+00:00,70.6,41,ask,,,98469
2026-06-30T12:21:40.797899,2026-06-30T02:21:41.727102+00:00,70.6,50,ask,,,98506
2026-06-30T12:21:41.211761,2026-06-30T02:21:42.137995+00:00,70.5,41,ask,,,98511
2026-06-30T12:21:42.677810,2026-06-30T02:21:43.606469+00:00,70.9,44,bid,,,98535
2026-06-30T12:21:42.851948,2026-06-30T02:21:43.779720+00:00,70.9,50,bid,,,98541
2026-06-30T12:21:47.119672,2026-06-30T02:21:48.052995+00:00,70.8,50,ask,,,98599
2026-06-30T12:21:47.945292,2026-06-30T02:21:48.877148+00:00,70.8,49,ask,,,98608
2026-06-30T12:21:51.338789,2026-06-30T02:21:52.272284+00:00,70.4,50,ask,,,98657
2026-06-30T12:21:52.385989,2026-06-30T02:21:53.317471+00:00,70.7,43,bid,,,98671
2026-06-30T12:21:52.965218,2026-06-30T02:21:53.894936+00:00,70.7,41,bid,,,98678
2026-06-30T12:21:55.500110,2026-06-30T02:21:56.429907+00:00,71.0,50,bid,,,98704
2026-06-30T12:21:57.082712,2026-06-30T02:21:58.008677+00:00,70.8,43,ask,,,98723
2026-06-30T12:21:59.720695,2026-06-30T02:22:00.651182+00:00,71.1,50,bid,,,98757
2026-06-30T12:22:00.617038,2026-06-30T02:22:01.546570+00:00,71.1,44,bid,,,98768
2026-06-30T12:22:01.827691,2026-06-30T02:22:02.752241+00:00,71.2,50,bid,,,98782
2026-06-30T12:22:03.933964,2026-06-30T02:22:04.861099+00:00,71.0,50,bid,,,98812
2026-06-30T12:22:05.290640,2026-06-30T02:22:06.220679+00:00,70.5,48,ask,,,98829
2026-06-30T12:22:05.898079,2026-06-30T02:22:06.828719+00:00,70.5,48,ask,,,98834
2026-06-30T12:22:06.039998,2026-06-30T02:22:06.969702+00:00,71.0,50,bid,,,98837
2026-06-30T12:22:07.382440,2026-06-30T02:22:08.307940+00:00,71.1,41,bid,,,98860
2026-06-30T12:22:07.925205,2026-06-30T02:22:08.851002+00:00,71.1,49,bid,,,98866
2026-06-30T12:22:08.172529,2026-06-30T02:22:09.098878+00:00,71.1,50,bid,,,98868
2026-06-30T12:22:08.410198,2026-06-30T02:22:09.338556+00:00,70.7,41,ask,,,98872
2026-06-30T12:22:10.291086,2026-06-30T02:22:11.224329+00:00,71.0,100,bid,,,98885
2026-06-30T12:22:10.336714,2026-06-30T02:22:11.268085+00:00,71.1,50,ask,,,98887
2026-06-30T12:22:11.437218,2026-06-30T02:22:12.368466+00:00,70.5,46,ask,,,98899
2026-06-30T12:22:13.585127,2026-06-30T02:22:14.516204+00:00,71.0,47,bid,,,98922
2026-06-30T12:22:15.137904,2026-06-30T02:22:16.068907+00:00,70.7,46,ask,,,98941
2026-06-30T12:22:16.651229,2026-06-30T02:22:17.585220+00:00,70.7,50,ask,,,98961
2026-06-30T12:22:18.755932,2026-06-30T02:22:19.683872+00:00,70.7,50,ask,,,98992
2026-06-30T12:22:20.862249,2026-06-30T02:22:21.792981+00:00,70.5,50,ask,,,99016
2026-06-30T12:22:22.967821,2026-06-30T02:22:23.895246+00:00,70.5,50,ask,,,99053
2026-06-30T12:22:23.309269,2026-06-30T02:22:24.241192+00:00,70.7,47,bid,,,99056
2026-06-30T12:22:25.401231,2026-06-30T02:22:26.328920+00:00,70.7,46,bid,,,99093
2026-06-30T12:22:27.177764,2026-06-30T02:22:28.110161+00:00,70.6,50,ask,,,99112
2026-06-30T12:22:28.709805,2026-06-30T02:22:29.634463+00:00,70.6,100,ask,,,99129
2026-06-30T12:22:30.463031,2026-06-30T02:22:31.394998+00:00,70.1,47,ask,,,99157
2026-06-30T12:22:31.336253,2026-06-30T02:22:32.263966+00:00,70.5,50,bid,,,99164
2026-06-30T12:22:31.816058,2026-06-30T02:22:32.740971+00:00,70.5,100,bid,,,99171
2026-06-30T12:22:34.123922,2026-06-30T02:22:35.048538+00:00,70.7,42,ask,,,99201
2026-06-30T12:22:35.564463,2026-06-30T02:22:36.497491+00:00,70.8,45,bid,,,99224
2026-06-30T12:22:35.603763,2026-06-30T02:22:36.528778+00:00,70.4,50,ask,,,99225
2026-06-30T12:22:37.709906,2026-06-30T02:22:38.643917+00:00,70.4,50,ask,,,99246
2026-06-30T12:22:38.509857,2026-06-30T02:22:39.436315+00:00,70.4,44,ask,,,99258
2026-06-30T12:22:39.160475,2026-06-30T02:22:40.087404+00:00,70.5,41,bid,,,99265
2026-06-30T12:22:39.816792,2026-06-30T02:22:40.749047+00:00,70.3,50,ask,,,99270
2026-06-30T12:22:41.922835,2026-06-30T02:22:42.857473+00:00,70.0,50,ask,,,99306
2026-06-30T12:22:44.027230,2026-06-30T02:22:44.956565+00:00,70.0,50,ask,,,99328
2026-06-30T12:22:46.135206,2026-06-30T02:22:47.068188+00:00,70.1,50,ask,,,99350
2026-06-30T12:22:48.240062,2026-06-30T02:22:49.169789+00:00,70.0,50,ask,,,99373
2026-06-30T12:22:50.003849,2026-06-30T02:22:50.932250+00:00,70.5,43,bid,,,99395
2026-06-30T12:22:50.360591,2026-06-30T02:22:51.291164+00:00,70.0,50,ask,,,99398
2026-06-30T12:22:51.115397,2026-06-30T02:22:52.056485+00:00,70.0,43,ask,,,99408
2026-06-30T12:22:52.466710,2026-06-30T02:22:53.393950+00:00,69.8,50,ask,,,99424
2026-06-30T12:22:53.451963,2026-06-30T02:22:54.381223+00:00,70.2,46,bid,,,99433
2026-06-30T12:22:54.574105,2026-06-30T02:22:55.498570+00:00,69.9,50,ask,,,99441
2026-06-30T12:22:55.602000,2026-06-30T02:22:56.531811+00:00,70.1,41,bid,,,99454
2026-06-30T12:22:56.680781,2026-06-30T02:22:57.608778+00:00,69.9,50,ask,,,99470
2026-06-30T12:22:56.729817,2026-06-30T02:22:57.664123+00:00,69.6,48,ask,,,99473
2026-06-30T12:22:58.735366,2026-06-30T02:22:59.664027+00:00,70.0,50,bid,,,99499
2026-06-30T12:22:58.943246,2026-06-30T02:22:59.870954+00:00,70.0,47,bid,,,99504
2026-06-30T12:23:00.710091,2026-06-30T02:23:01.634396+00:00,69.7,46,ask,,,99528
2026-06-30T12:23:00.843294,2026-06-30T02:23:01.776367+00:00,70.2,50,bid,,,99530
2026-06-30T12:23:02.145577,2026-06-30T02:23:03.077351+00:00,69.7,45,ask,,,99549
2026-06-30T12:23:02.912174,2026-06-30T02:23:03.838154+00:00,69.9,150,bid,,,99558
2026-06-30T12:23:02.950274,2026-06-30T02:23:03.881938+00:00,70.2,50,bid,,,99560
2026-06-30T12:23:04.419956,2026-06-30T02:23:05.348485+00:00,70.4,43,bid,,,99583
2026-06-30T12:23:05.074718,2026-06-30T02:23:06.008532+00:00,70.4,50,bid,,,99596
2026-06-30T12:23:05.504831,2026-06-30T02:23:06.434377+00:00,70.1,44,ask,,,99600
2026-06-30T12:23:07.179778,2026-06-30T02:23:08.108760+00:00,70.6,50,bid,,,99624
2026-06-30T12:23:09.286494,2026-06-30T02:23:10.212909+00:00,70.5,50,bid,,,99642
2026-06-30T12:23:10.771250,2026-06-30T02:23:11.703162+00:00,70.4,100,ask,,,99657
2026-06-30T12:23:10.931310,2026-06-30T02:23:11.856037+00:00,70.3,50,ask,,,99663
2026-06-30T12:23:11.518603,2026-06-30T02:23:12.453324+00:00,70.3,43,ask,,,99676
2026-06-30T12:23:13.056557,2026-06-30T02:23:13.985640+00:00,70.5,48,bid,,,99693
2026-06-30T12:23:13.496676,2026-06-30T02:23:14.422151+00:00,70.5,50,bid,,,99701
2026-06-30T12:23:14.183147,2026-06-30T02:23:15.108676+00:00,70.2,44,bid,,,99709
2026-06-30T12:23:14.677093,2026-06-30T02:23:15.608952+00:00,70.2,41,bid,,,99721
2026-06-30T12:23:14.730568,2026-06-30T02:23:15.664282+00:00,70.0,43,ask,,,99722
2026-06-30T12:23:15.602406,2026-06-30T02:23:16.531094+00:00,70.2,50,bid,,,99728
2026-06-30T12:23:15.844111,2026-06-30T02:23:16.771196+00:00,70.0,42,ask,,,99734
2026-06-30T12:23:17.710614,2026-06-30T02:23:18.645372+00:00,70.4,50,bid,,,99758
2026-06-30T12:23:18.832304,2026-06-30T02:23:19.765405+00:00,70.4,44,bid,,,99774
2026-06-30T12:23:20.824671,2026-06-30T02:23:21.750922+00:00,70.4,47,ask,,,99800
2026-06-30T12:23:21.919151,2026-06-30T02:23:22.847346+00:00,70.8,50,bid,,,99812
2026-06-30T12:23:22.794358,2026-06-30T02:23:23.728623+00:00,70.4,43,ask,,,99822
