timestamp,recv_time,price,volume,aggressor_side,buyer,seller,trade_id
2026-07-05T13:00:01.178606,2026-07-05T13:00:01.180414+00:00,144.9,50,ask,DiligentDonuts,FlawlessFlatbreads,8334305
2026-07-05T13:00:01.202838,2026-07-05T13:00:01.224289+00:00,144.9,40,ask,DiligentDonuts,CostlyCorianders,8334307
2026-07-05T13:00:03.236128,2026-07-05T13:00:03.247810+00:00,145.1,50,bid,FlawlessFlatbreads,DiligentDonuts,8334335
2026-07-05T13:00:03.934139,2026-07-05T13:00:03.945755+00:00,145.1,43,bid,CostlyCorianders,DiligentDonuts,8334348
2026-07-05T13:00:04.845308,2026-07-05T13:00:04.852077+00:00,144.7,46,ask,EarnestEspressos,CostlyCorianders,8334354
2026-07-05T13:00:10.096174,2026-07-05T13:00:10.104984+00:00,144.9,11,bid,Xuanyu Liu,EarnestEspressos,8334426
2026-07-05T13:00:10.547045,2026-07-05T13:00:10.557616+00:00,144.9,43,bid,CostlyCorianders,EarnestEspressos,8334438
2026-07-05T13:00:11.238765,2026-07-05T13:00:11.245238+00:00,144.9,96,bid,DiligentDonuts,EarnestEspressos,8334447
2026-07-05T13:00:11.720129,2026-07-05T13:00:11.685504+00:00,144.9,4,ask,DiligentDonuts,FlawlessFlatbreads,8334453
2026-07-05T13:00:11.720129,2026-07-05T13:00:11.768734+00:00,144.4,46,ask,EarnestEspressos,FlawlessFlatbreads,8334454
2026-07-05T13:00:13.831218,2026-07-05T13:00:13.842605+00:00,144.8,50,ask,EarnestEspressos,FlawlessFlatbreads,8334490
2026-07-05T13:00:14.029051,2026-07-05T13:00:14.039296+00:00,144.8,11,ask,EarnestEspressos,Xuanyu Liu,8334493
2026-07-05T13:00:14.455201,2026-07-05T13:00:14.466675+00:00,144.8,89,ask,EarnestEspressos,DiligentDonuts,8334501
2026-07-05T13:00:15.413504,2026-07-05T13:00:15.425432+00:00,144.1,40,ask,DiligentDonuts,CostlyCorianders,8334515
2026-07-05T13:00:15.958943,2026-07-05T13:00:15.970543+00:00,144.1,50,ask,DiligentDonuts,FlawlessFlatbreads,8334521
2026-07-05T13:00:16.065068,2026-07-05T13:00:16.076442+00:00,144.6,11,bid,CostlyCorianders,DiligentDonuts,8334522
2026-07-05T13:00:16.382943,2026-07-05T13:00:16.391467+00:00,144.5,11,bid,Xuanyu Liu,EarnestEspressos,8334528
2026-07-05T13:00:16.662012,2026-07-05T13:00:16.670013+00:00,144.5,12,bid,Xuanyu Liu,EarnestEspressos,8334536
2026-07-05T13:00:17.192582,2026-07-05T13:00:17.202022+00:00,144.5,11,bid,Xuanyu Liu,EarnestEspressos,8334545
2026-07-05T13:00:18.015198,2026-07-05T13:00:18.026968+00:00,144.5,50,bid,FlawlessFlatbreads,EarnestEspressos,8334556
2026-07-05T13:00:20.174237,2026-07-05T13:00:20.180826+00:00,144.3,50,ask,DiligentDonuts,FlawlessFlatbreads,8334594
2026-07-05T13:00:22.230155,2026-07-05T13:00:22.237327+00:00,144.6,50,bid,FlawlessFlatbreads,DiligentDonuts,8334631
2026-07-05T13:00:23.793430,2026-07-05T13:00:23.800671+00:00,144.6,41,bid,CostlyCorianders,DiligentDonuts,8334646
2026-07-05T13:00:24.337918,2026-07-05T13:00:24.349734+00:00,144.6,50,bid,FlawlessFlatbreads,EarnestEspressos,8334656
2026-07-05T13:00:25.909625,2026-07-05T13:00:25.921176+00:00,144.2,44,ask,EarnestEspressos,CostlyCorianders,8334676
2026-07-05T13:00:26.477395,2026-07-05T13:00:26.488822+00:00,144.2,47,ask,EarnestEspressos,CostlyCorianders,8334686
2026-07-05T13:00:27.133493,2026-07-05T13:00:27.142211+00:00,144.2,23,ask,EarnestEspressos,Xuanyu Liu,8334695
2026-07-05T13:00:28.624397,2026-07-05T13:00:28.630928+00:00,144.2,36,ask,EarnestEspressos,FlawlessFlatbreads,8334719
2026-07-05T13:00:28.624397,2026-07-05T13:00:28.636277+00:00,144.1,14,ask,DiligentDonuts,FlawlessFlatbreads,8334720
2026-07-05T13:00:29.039652,2026-07-05T13:00:29.051254+00:00,144.1,86,ask,DiligentDonuts,EarnestEspressos,8334724
2026-07-05T13:00:29.052715,2026-07-05T13:00:29.062295+00:00,144.0,12,bid,Xuanyu Liu,EarnestEspressos,8334725
2026-07-05T13:00:30.732799,2026-07-05T13:00:30.744744+00:00,143.5,50,ask,EarnestEspressos,FlawlessFlatbreads,8334757
2026-07-05T13:00:32.839731,2026-07-05T13:00:32.864386+00:00,143.6,50,ask,EarnestEspressos,FlawlessFlatbreads,8334796
2026-07-05T13:00:34.950007,2026-07-05T13:00:34.961663+00:00,143.6,50,ask,EarnestEspressos,FlawlessFlatbreads,8334823
2026-07-05T13:00:35.408138,2026-07-05T13:00:35.417151+00:00,143.7,34,bid,Xuanyu Liu,EarnestEspressos,8334838
2026-07-05T13:00:37.006329,2026-07-05T13:00:37.018067+00:00,143.7,50,bid,FlawlessFlatbreads,EarnestEspressos,8334868
2026-07-05T13:00:37.395821,2026-07-05T13:00:37.407568+00:00,143.7,41,bid,CostlyCorianders,EarnestEspressos,8334873
2026-07-05T13:00:37.636432,2026-07-05T13:00:37.644476+00:00,143.7,11,bid,Xuanyu Liu,EarnestEspressos,8334876
2026-07-05T13:00:38.514452,2026-07-05T13:00:38.522550+00:00,143.9,11,ask,EarnestEspressos,Xuanyu Liu,8334893
2026-07-05T13:00:39.011993,2026-07-05T13:00:39.023374+00:00,143.9,49,ask,EarnestEspressos,CostlyCorianders,8334906
2026-07-05T13:00:39.118647,2026-07-05T13:00:39.130619+00:00,144.0,50,bid,FlawlessFlatbreads,DiligentDonuts,8334909
2026-07-05T13:00:40.133278,2026-07-05T13:00:40.141418+00:00,143.9,12,ask,EarnestEspressos,Xuanyu Liu,8334918
2026-07-05T13:00:41.226213,2026-07-05T13:00:41.238173+00:00,144.2,50,bid,FlawlessFlatbreads,DiligentDonuts,8334933
2026-07-05T13:00:41.343204,2026-07-05T13:00:41.352698+00:00,143.9,22,ask,EarnestEspressos,Xuanyu Liu,8334935
2026-07-05T13:00:41.580203,2026-07-05T13:00:41.592216+00:00,144.2,40,bid,CostlyCorianders,DiligentDonuts,8334944
2026-07-05T13:00:41.718870,2026-07-05T13:00:41.730688+00:00,143.7,100,ask,DiligentDonuts,EarnestEspressos,8334946
2026-07-05T13:00:42.105851,2026-07-05T13:00:42.117705+00:00,143.7,45,bid,CostlyCorianders,EarnestEspressos,8334951
2026-07-05T13:00:43.334343,2026-07-05T13:00:43.346307+00:00,143.7,5,bid,FlawlessFlatbreads,EarnestEspressos,8334974
2026-07-05T13:00:43.334343,2026-07-05T13:00:43.346307+00:00,143.9,45,bid,FlawlessFlatbreads,DiligentDonuts,8334975
2026-07-05T13:00:44.854052,2026-07-05T13:00:44.856221+00:00,143.7,40,ask,EarnestEspressos,CostlyCorianders,8334992
2026-07-05T13:00:45.495578,2026-07-05T13:00:45.502806+00:00,143.7,50,ask,EarnestEspressos,FlawlessFlatbreads,8335004
2026-07-05T13:00:45.947164,2026-07-05T13:00:45.958586+00:00,143.7,42,ask,EarnestEspressos,CostlyCorianders,8335014
2026-07-05T13:00:46.413786,2026-07-05T13:00:46.425227+00:00,143.9,41,bid,CostlyCorianders,DiligentDonuts,8335021
2026-07-05T13:00:46.917859,2026-07-05T13:00:46.929573+00:00,143.9,49,bid,CostlyCorianders,DiligentDonuts,8335030
2026-07-05T13:00:47.550578,2026-07-05T13:00:47.557128+00:00,143.9,10,bid,FlawlessFlatbreads,DiligentDonuts,8335040
2026-07-05T13:00:47.550578,2026-07-05T13:00:47.557128+00:00,144.2,40,bid,FlawlessFlatbreads,EarnestEspressos,8335041
2026-07-05T13:00:48.599893,2026-07-05T13:00:48.608697+00:00,143.4,47,ask,DiligentDonuts,CostlyCorianders,8335049
2026-07-05T13:00:49.242639,2026-07-05T13:00:49.254302+00:00,143.7,46,bid,CostlyCorianders,EarnestEspressos,8335057
2026-07-05T13:00:49.298335,2026-07-05T13:00:49.310123+00:00,143.6,44,ask,DiligentDonuts,CostlyCorianders,8335060
2026-07-05T13:00:51.768549,2026-07-05T13:00:51.780162+00:00,144.0,50,bid,FlawlessFlatbreads,EarnestEspressos,8335082
2026-07-05T13:00:53.449863,2026-07-05T13:00:53.464019+00:00,143.9,42,bid,CostlyCorianders,DiligentDonuts,8335107
2026-07-05T13:00:54.659725,2026-07-05T13:00:54.669755+00:00,143.8,12,ask,EarnestEspressos,Xuanyu Liu,8335119
2026-07-05T13:00:55.633120,2026-07-05T13:00:55.644703+00:00,143.8,40,ask,EarnestEspressos,CostlyCorianders,8335135
2026-07-05T13:00:55.978432,2026-07-05T13:00:55.988376+00:00,143.9,50,bid,FlawlessFlatbreads,DiligentDonuts,8335141
2026-07-05T13:00:56.500162,2026-07-05T13:00:56.511335+00:00,143.8,11,ask,EarnestEspressos,Xuanyu Liu,8335150
2026-07-05T13:00:57.116667,2026-07-05T13:00:57.127878+00:00,143.8,12,ask,EarnestEspressos,Xuanyu Liu,8335162
2026-07-05T13:00:58.084585,2026-07-05T13:00:58.094221+00:00,143.7,50,bid,FlawlessFlatbreads,EarnestEspressos,8335175
2026-07-05T13:01:00.013773,2026-07-05T13:01:00.025552+00:00,143.7,44,bid,CostlyCorianders,EarnestEspressos,8335201
2026-07-05T13:01:00.558157,2026-07-05T13:01:00.570214+00:00,143.4,44,ask,DiligentDonuts,CostlyCorianders,8335207
2026-07-05T13:01:02.345538,2026-07-05T13:01:02.354843+00:00,143.5,50,ask,EarnestEspressos,FlawlessFlatbreads,8335237
2026-07-05T13:01:02.575834,2026-07-05T13:01:02.583965+00:00,143.7,12,bid,Xuanyu Liu,DiligentDonuts,8335241
2026-07-05T13:01:04.400631,2026-07-05T13:01:04.409232+00:00,143.7,50,bid,FlawlessFlatbreads,DiligentDonuts,8335270
2026-07-05T13:01:05.719088,2026-07-05T13:01:05.730765+00:00,143.5,44,ask,EarnestEspressos,CostlyCorianders,8335289
2026-07-05T13:01:10.533644,2026-07-05T13:01:10.542594+00:00,143.5,48,bid,CostlyCorianders,EarnestEspressos,8335366
2026-07-05T13:01:10.716251,2026-07-05T13:01:10.723196+00:00,143.5,50,bid,FlawlessFlatbreads,EarnestEspressos,8335368
2026-07-05T13:01:11.775414,2026-07-05T13:01:11.783691+00:00,143.5,23,bid,Xuanyu Liu,EarnestEspressos,8335382
2026-07-05T13:01:12.877180,2026-07-05T13:01:12.885225+00:00,143.2,50,ask,DiligentDonuts,FlawlessFlatbreads,8335402
2026-07-05T13:01:13.218288,2026-07-05T13:01:13.229936+00:00,143.5,29,bid,CostlyCorianders,EarnestEspressos,8335405
2026-07-05T13:01:13.218288,2026-07-05T13:01:13.229936+00:00,143.7,20,bid,CostlyCorianders,DiligentDonuts,8335406
2026-07-05T13:01:13.295913,2026-07-05T13:01:13.306101+00:00,143.7,80,bid,EarnestEspressos,DiligentDonuts,8335407
2026-07-05T13:01:13.358178,2026-07-05T13:01:13.367159+00:00,143.8,23,ask,EarnestEspressos,Xuanyu Liu,8335412
2026-07-05T13:01:14.088622,2026-07-05T13:01:14.097441+00:00,143.8,23,ask,EarnestEspressos,Xuanyu Liu,8335422
2026-07-05T13:01:14.986915,2026-07-05T13:01:14.993893+00:00,143.8,24,ask,EarnestEspressos,FlawlessFlatbreads,8335435
2026-07-05T13:01:14.986915,2026-07-05T13:01:14.998918+00:00,143.6,26,ask,DiligentDonuts,FlawlessFlatbreads,8335436
2026-07-05T13:01:17.018436,2026-07-05T13:01:17.026336+00:00,143.7,23,bid,Xuanyu Liu,EarnestEspressos,8335466
2026-07-05T13:01:17.123831,2026-07-05T13:01:17.136626+00:00,143.6,50,ask,DiligentDonuts,FlawlessFlatbreads,8335470
2026-07-05T13:01:17.720639,2026-07-05T13:01:17.733963+00:00,143.7,11,bid,Xuanyu Liu,EarnestEspressos,8335481
2026-07-05T13:01:19.000138,2026-07-05T13:01:19.011819+00:00,143.5,46,ask,DiligentDonuts,CostlyCorianders,8335497
2026-07-05T13:01:21.559110,2026-07-05T13:01:21.570987+00:00,144.0,43,bid,CostlyCorianders,EarnestEspressos,8335527
2026-07-05T13:01:22.081082,2026-07-05T13:01:22.091184+00:00,143.5,40,ask,EarnestEspressos,CostlyCorianders,8335534
2026-07-05T13:01:23.464817,2026-07-05T13:01:23.471588+00:00,143.7,50,ask,EarnestEspressos,FlawlessFlatbreads,8335548
2026-07-05T13:01:24.879144,2026-07-05T13:01:24.893842+00:00,144.1,43,bid,CostlyCorianders,DiligentDonuts,8335566
2026-07-05T13:01:25.495946,2026-07-05T13:01:25.507505+00:00,143.7,42,ask,EarnestEspressos,CostlyCorianders,8335577
2026-07-05T13:01:25.575929,2026-07-05T13:01:25.587627+00:00,143.7,50,ask,EarnestEspressos,FlawlessFlatbreads,8335580
2026-07-05T13:01:26.010417,2026-07-05T13:01:26.017695+00:00,143.6,100,ask,DiligentDonuts,EarnestEspressos,8335585
2026-07-05T13:01:26.023870,2026-07-05T13:01:26.032342+00:00,143.5,34,bid,Xuanyu Liu,EarnestEspressos,8335586
2026-07-05T13:01:26.765924,2026-07-05T13:01:26.778206+00:00,143.5,12,bid,Xuanyu Liu,EarnestEspressos,8335602
2026-07-05T13:01:27.154969,2026-07-05T13:01:27.153786+00:00,143.5,4,bid,DiligentDonuts,EarnestEspressos,8335617
2026-07-05T13:01:27.417365,2026-07-05T13:01:27.426091+00:00,143.8,34,ask,DiligentDonuts,Xuanyu Liu,8335624
2026-07-05T13:01:27.682278,2026-07-05T13:01:27.694105+00:00,143.8,50,ask,DiligentDonuts,FlawlessFlatbreads,8335630
2026-07-05T13:01:30.374698,2026-07-05T13:01:30.384783+00:00,143.7,100,ask,EarnestEspressos,DiligentDonuts,8335675
2026-07-05T13:01:31.585710,2026-07-05T13:01:31.597204+00:00,144.2,42,bid,CostlyCorianders,EarnestEspressos,8335701
2026-07-05T13:01:31.843338,2026-07-05T13:01:31.858610+00:00,144.2,50,bid,FlawlessFlatbreads,EarnestEspressos,8335704
2026-07-05T13:01:33.951677,2026-07-05T13:01:33.951392+00:00,144.0,50,bid,FlawlessFlatbreads,EarnestEspressos,8335732
2026-07-05T13:01:35.449116,2026-07-05T13:01:35.463676+00:00,144.0,100,bid,EarnestEspressos,DiligentDonuts,8335756
2026-07-05T13:01:36.080242,2026-07-05T13:01:36.092025+00:00,144.6,50,bid,FlawlessFlatbreads,EarnestEspressos,8335767
2026-07-05T13:01:38.187263,2026-07-05T13:01:38.195434+00:00,144.4,50,bid,FlawlessFlatbreads,DiligentDonuts,8335797
2026-07-05T13:01:40.296905,2026-07-05T13:01:40.307059+00:00,144.6,50,bid,FlawlessFlatbreads,EarnestEspressos,8335833
2026-07-05T13:01:42.403670,2026-07-05T13:01:42.415309+00:00,144.8,50,bid,FlawlessFlatbreads,DiligentDonuts,8335859
2026-07-05T13:01:42.992138,2026-07-05T13:01:42.999987+00:00,144.5,12,ask,DiligentDonuts,Xuanyu Liu,8335865
2026-07-05T13:01:43.056885,2026-07-05T13:01:43.068356+00:00,144.5,40,ask,DiligentDonuts,CostlyCorianders,8335867
2026-07-05T13:01:43.697859,2026-07-05T13:01:43.708469+00:00,144.5,48,ask,DiligentDonuts,CostlyCorianders,8335877
2026-07-05T13:01:44.587722,2026-07-05T13:01:44.594176+00:00,144.4,50,ask,EarnestEspressos,FlawlessFlatbreads,8335894
2026-07-05T13:01:45.468957,2026-07-05T13:01:45.479333+00:00,144.5,40,bid,CostlyCorianders,EarnestEspressos,8335906
2026-07-05T13:01:46.069546,2026-07-05T13:01:46.081115+00:00,144.5,40,bid,CostlyCorianders,EarnestEspressos,8335914
2026-07-05T13:01:46.126622,2026-07-05T13:01:46.135657+00:00,144.0,48,ask,EarnestEspressos,CostlyCorianders,8335915
2026-07-05T13:01:52.389567,2026-07-05T13:01:52.401376+00:00,144.2,45,bid,CostlyCorianders,DiligentDonuts,8335981
2026-07-05T13:01:52.446619,2026-07-05T13:01:52.453132+00:00,144.1,49,ask,EarnestEspressos,CostlyCorianders,8335985
2026-07-05T13:01:53.005919,2026-07-05T13:01:53.012581+00:00,144.1,50,ask,EarnestEspressos,FlawlessFlatbreads,8335991
2026-07-05T13:01:53.564225,2026-07-05T13:01:53.575832+00:00,144.4,48,bid,CostlyCorianders,DiligentDonuts,8336000
2026-07-05T13:01:54.114554,2026-07-05T13:01:54.126528+00:00,144.4,45,bid,CostlyCorianders,DiligentDonuts,8336007
2026-07-05T13:01:55.060477,2026-07-05T13:01:55.071824+00:00,144.2,50,bid,FlawlessFlatbreads,EarnestEspressos,8336032
2026-07-05T13:01:55.644337,2026-07-05T13:01:55.656219+00:00,144.2,100,bid,DiligentDonuts,EarnestEspressos,8336037
2026-07-05T13:01:56.023138,2026-07-05T13:01:56.034900+00:00,143.7,41,ask,EarnestEspressos,CostlyCorianders,8336043
2026-07-05T13:01:59.323962,2026-07-05T13:01:59.335987+00:00,144.3,50,ask,EarnestEspressos,FlawlessFlatbreads,8336078
2026-07-05T13:02:01.430559,2026-07-05T13:02:01.442206+00:00,144.2,50,ask,DiligentDonuts,FlawlessFlatbreads,8336109
2026-07-05T13:02:04.215342,2026-07-05T13:02:04.223723+00:00,144.4,11,ask,DiligentDonuts,Xuanyu Liu,8336143
2026-07-05T13:02:04.552994,2026-07-05T13:02:04.564603+00:00,144.4,42,ask,DiligentDonuts,CostlyCorianders,8336152
2026-07-05T13:02:05.193485,2026-07-05T13:02:05.205018+00:00,144.5,42,bid,CostlyCorianders,EarnestEspressos,8336161
2026-07-05T13:02:05.640467,2026-07-05T13:02:05.646885+00:00,144.0,50,ask,EarnestEspressos,FlawlessFlatbreads,8336171
2026-07-05T13:02:05.747422,2026-07-05T13:02:05.758721+00:00,144.0,45,ask,EarnestEspressos,CostlyCorianders,8336173
2026-07-05T13:02:09.799973,2026-07-05T13:02:09.811633+00:00,144.3,50,bid,FlawlessFlatbreads,EarnestEspressos,8336241
2026-07-05T13:02:11.003978,2026-07-05T13:02:11.016992+00:00,144.3,11,bid,Xuanyu Liu,DiligentDonuts,8336262
2026-07-05T13:02:11.906397,2026-07-05T13:02:11.918529+00:00,144.4,50,bid,FlawlessFlatbreads,EarnestEspressos,8336273
2026-07-05T13:02:14.013414,2026-07-05T13:02:14.024897+00:00,144.4,50,bid,FlawlessFlatbreads,DiligentDonuts,8336308
2026-07-05T13:02:15.388029,2026-07-05T13:02:15.396453+00:00,144.3,45,ask,EarnestEspressos,CostlyCorianders,8336321
2026-07-05T13:02:16.122106,2026-07-05T13:02:16.133792+00:00,144.8,50,bid,FlawlessFlatbreads,EarnestEspressos,8336332
2026-07-05T13:02:16.361106,2026-07-05T13:02:16.371859+00:00,144.8,47,bid,CostlyCorianders,EarnestEspressos,8336339
2026-07-05T13:02:16.604617,2026-07-05T13:02:16.614322+00:00,144.6,11,ask,EarnestEspressos,Xuanyu Liu,8336340
2026-07-05T13:02:17.342220,2026-07-05T13:02:17.352095+00:00,144.6,12,ask,EarnestEspressos,Xuanyu Liu,8336352
2026-07-05T13:02:17.885213,2026-07-05T13:02:17.894315+00:00,144.6,100,ask,EarnestEspressos,DiligentDonuts,8336362
2026-07-05T13:02:18.230720,2026-07-05T13:02:18.238872+00:00,145.1,50,bid,FlawlessFlatbreads,EarnestEspressos,8336365
2026-07-05T13:02:22.457564,2026-07-05T13:02:22.469146+00:00,144.8,50,bid,FlawlessFlatbreads,EarnestEspressos,8336420
2026-07-05T13:02:23.075710,2026-07-05T13:02:23.082336+00:00,144.9,42,bid,CostlyCorianders,DiligentDonuts,8336436
2026-07-05T13:02:24.463544,2026-07-05T13:02:24.475449+00:00,144.6,48,ask,DiligentDonuts,CostlyCorianders,8336453
2026-07-05T13:02:24.564021,2026-07-05T13:02:24.575729+00:00,145.0,50,bid,FlawlessFlatbreads,EarnestEspressos,8336456
2026-07-05T13:02:25.220368,2026-07-05T13:02:25.229438+00:00,144.6,11,ask,DiligentDonuts,Xuanyu Liu,8336463
2026-07-05T13:02:26.739047,2026-07-05T13:02:26.748481+00:00,144.6,41,ask,DiligentDonuts,FlawlessFlatbreads,8336482
2026-07-05T13:02:26.739047,2026-07-05T13:02:26.748481+00:00,144.5,9,ask,EarnestEspressos,FlawlessFlatbreads,8336483
2026-07-05T13:02:28.847979,2026-07-05T13:02:28.854297+00:00,144.5,50,ask,EarnestEspressos,FlawlessFlatbreads,8336519
2026-07-05T13:02:30.985734,2026-07-05T13:02:30.997654+00:00,144.2,50,ask,EarnestEspressos,FlawlessFlatbreads,8336554
2026-07-05T13:02:31.855544,2026-07-05T13:02:31.867387+00:00,144.6,45,bid,CostlyCorianders,DiligentDonuts,8336570
2026-07-05T13:02:33.093716,2026-07-05T13:02:33.102671+00:00,144.1,50,ask,DiligentDonuts,FlawlessFlatbreads,8336586
2026-07-05T13:02:34.568742,2026-07-05T13:02:34.580077+00:00,144.6,11,bid,Xuanyu Liu,EarnestEspressos,8336606
2026-07-05T13:02:35.068621,2026-07-05T13:02:35.080541+00:00,144.2,43,ask,DiligentDonuts,CostlyCorianders,8336609
2026-07-05T13:02:35.222447,2026-07-05T13:02:35.234008+00:00,144.2,50,ask,DiligentDonuts,FlawlessFlatbreads,8336610
2026-07-05T13:02:36.872032,2026-07-05T13:02:36.880492+00:00,144.5,12,bid,Xuanyu Liu,DiligentDonuts,8336636
2026-07-05T13:02:36.984207,2026-07-05T13:02:36.992451+00:00,144.5,23,bid,Xuanyu Liu,DiligentDonuts,8336640
2026-07-05T13:02:37.329809,2026-07-05T13:02:37.337519+00:00,144.3,50,ask,EarnestEspressos,FlawlessFlatbreads,8336652
2026-07-05T13:02:38.198214,2026-07-05T13:02:38.210604+00:00,144.5,11,bid,Xuanyu Liu,DiligentDonuts,8336660
2026-07-05T13:02:38.475711,2026-07-05T13:02:38.484620+00:00,144.5,40,bid,CostlyCorianders,DiligentDonuts,8336669
2026-07-05T13:02:39.074223,2026-07-05T13:02:39.085699+00:00,144.3,46,ask,EarnestEspressos,CostlyCorianders,8336679
2026-07-05T13:02:39.448109,2026-07-05T13:02:39.452474+00:00,144.3,50,ask,EarnestEspressos,FlawlessFlatbreads,8336688
2026-07-05T13:02:39.649925,2026-07-05T13:02:39.659417+00:00,144.5,11,bid,Xuanyu Liu,DiligentDonuts,8336693
2026-07-05T13:02:39.969586,2026-07-05T13:02:39.981193+00:00,144.8,100,bid,DiligentDonuts,EarnestEspressos,8336695
2026-07-05T13:02:41.554397,2026-07-05T13:02:41.560851+00:00,144.3,50,ask,EarnestEspressos,FlawlessFlatbreads,8336717
2026-07-05T13:02:43.661575,2026-07-05T13:02:43.669898+00:00,144.6,50,ask,DiligentDonuts,FlawlessFlatbreads,8336746
2026-07-05T13:02:44.298185,2026-07-05T13:02:44.309690+00:00,144.9,42,bid,CostlyCorianders,EarnestEspressos,8336752
2026-07-05T13:02:44.801519,2026-07-05T13:02:44.812942+00:00,144.9,48,bid,CostlyCorianders,EarnestEspressos,8336759
2026-07-05T13:02:45.767284,2026-07-05T13:02:45.778787+00:00,145.0,50,ask,EarnestEspressos,FlawlessFlatbreads,8336777
2026-07-05T13:02:46.165038,2026-07-05T13:02:46.184264+00:00,145.0,11,ask,EarnestEspressos,Xuanyu Liu,8336786
2026-07-05T13:02:46.433071,2026-07-05T13:02:46.444834+00:00,145.0,46,ask,EarnestEspressos,CostlyCorianders,8336790
2026-07-05T13:02:47.370081,2026-07-05T13:02:47.378947+00:00,145.0,11,ask,EarnestEspressos,Xuanyu Liu,8336805
2026-07-05T13:02:47.525624,2026-07-05T13:02:47.536917+00:00,145.0,32,ask,EarnestEspressos,CostlyCorianders,8336811
2026-07-05T13:02:47.525624,2026-07-05T13:02:47.536917+00:00,144.6,17,ask,DiligentDonuts,CostlyCorianders,8336812
2026-07-05T13:02:47.885792,2026-07-05T13:02:47.895525+00:00,144.6,50,ask,DiligentDonuts,FlawlessFlatbreads,8336819
2026-07-05T13:02:48.289555,2026-07-05T13:02:48.297680+00:00,144.8,11,bid,Xuanyu Liu,EarnestEspressos,8336829
2026-07-05T13:02:51.002324,2026-07-05T13:02:51.011738+00:00,144.8,11,bid,Xuanyu Liu,EarnestEspressos,8336864
2026-07-05T13:02:51.551935,2026-07-05T13:02:51.558241+00:00,144.8,49,bid,CostlyCorianders,DiligentDonuts,8336875
2026-07-05T13:02:52.045879,2026-07-05T13:02:52.058554+00:00,144.8,50,bid,FlawlessFlatbreads,DiligentDonuts,8336877
2026-07-05T13:02:53.086073,2026-07-05T13:02:53.098021+00:00,144.7,49,ask,DiligentDonuts,CostlyCorianders,8336899
2026-07-05T13:02:54.176080,2026-07-05T13:02:54.187928+00:00,145.0,50,bid,FlawlessFlatbreads,EarnestEspressos,8336921
2026-07-05T13:02:54.181715,2026-07-05T13:02:54.193118+00:00,145.0,42,bid,CostlyCorianders,EarnestEspressos,8336922
2026-07-05T13:02:54.759155,2026-07-05T13:02:54.770516+00:00,144.8,47,ask,EarnestEspressos,CostlyCorianders,8336930
2026-07-05T13:02:55.845217,2026-07-05T13:02:55.855988+00:00,144.8,11,ask,EarnestEspressos,Xuanyu Liu,8336944
2026-07-05T13:02:56.341722,2026-07-05T13:02:56.350094+00:00,144.8,50,ask,EarnestEspressos,FlawlessFlatbreads,8336950
2026-07-05T13:02:57.723109,2026-07-05T13:02:57.732407+00:00,144.9,45,bid,CostlyCorianders,DiligentDonuts,8336970
2026-07-05T13:02:58.397597,2026-07-05T13:02:58.404917+00:00,144.8,50,bid,FlawlessFlatbreads,EarnestEspressos,8336983
2026-07-05T13:02:59.470402,2026-07-05T13:02:59.478606+00:00,144.8,11,bid,Xuanyu Liu,EarnestEspressos,8337000
2026-07-05T13:02:59.778996,2026-07-05T13:02:59.788825+00:00,144.8,48,bid,CostlyCorianders,EarnestEspressos,8337003
2026-07-05T13:03:00.292841,2026-07-05T13:03:00.304687+00:00,144.8,41,bid,CostlyCorianders,EarnestEspressos,8337007
2026-07-05T13:03:00.510117,2026-07-05T13:03:00.516506+00:00,145.1,50,bid,FlawlessFlatbreads,DiligentDonuts,8337012
2026-07-05T13:03:00.889093,2026-07-05T13:03:00.897996+00:00,145.0,11,ask,EarnestEspressos,Xuanyu Liu,8337020
2026-07-05T13:03:01.899814,2026-07-05T13:03:01.906336+00:00,145.0,46,ask,EarnestEspressos,CostlyCorianders,8337033
2026-07-05T13:03:02.461960,2026-07-05T13:03:02.473589+00:00,145.1,45,ask,DiligentDonuts,CostlyCorianders,8337051
2026-07-05T13:03:02.616307,2026-07-05T13:03:02.627891+00:00,145.5,50,bid,FlawlessFlatbreads,EarnestEspressos,8337052
2026-07-05T13:03:03.009099,2026-07-05T13:03:03.019230+00:00,145.1,44,ask,DiligentDonuts,CostlyCorianders,8337058
2026-07-05T13:03:03.947170,2026-07-05T13:03:03.958574+00:00,145.5,48,bid,CostlyCorianders,EarnestEspressos,8337073
2026-07-05T13:03:04.051534,2026-07-05T13:03:04.060162+00:00,145.3,11,ask,EarnestEspressos,Xuanyu Liu,8337074
2026-07-05T13:03:04.722767,2026-07-05T13:03:04.734542+00:00,145.6,50,bid,FlawlessFlatbreads,DiligentDonuts,8337088
2026-07-05T13:03:05.342963,2026-07-05T13:03:05.351610+00:00,145.3,100,ask,EarnestEspressos,DiligentDonuts,8337097
2026-07-05T13:03:06.219376,2026-07-05T13:03:06.231482+00:00,145.3,39,ask,EarnestEspressos,CostlyCorianders,8337106
2026-07-05T13:03:06.219376,2026-07-05T13:03:06.231482+00:00,144.8,3,ask,DiligentDonuts,CostlyCorianders,8337107
2026-07-05T13:03:06.830803,2026-07-05T13:03:06.842731+00:00,145.8,50,bid,FlawlessFlatbreads,EarnestEspressos,8337120
2026-07-05T13:03:08.325523,2026-07-05T13:03:08.337128+00:00,145.4,42,bid,CostlyCorianders,EarnestEspressos,8337135
2026-07-05T13:03:08.938339,2026-07-05T13:03:08.958896+00:00,145.4,50,bid,FlawlessFlatbreads,EarnestEspressos,8337148
2026-07-05T13:03:11.532041,2026-07-05T13:03:11.563830+00:00,145.3,44,ask,EarnestEspressos,CostlyCorianders,8337179
2026-07-05T13:03:12.430370,2026-07-05T13:03:12.438963+00:00,145.6,12,ask,DiligentDonuts,Xuanyu Liu,8337195
2026-07-05T13:03:13.154464,2026-07-05T13:03:13.166238+00:00,145.8,50,bid,FlawlessFlatbreads,EarnestEspressos,8337208
2026-07-05T13:03:14.396938,2026-07-05T13:03:14.408580+00:00,146.0,49,bid,CostlyCorianders,EarnestEspressos,8337225
2026-07-05T13:03:15.261899,2026-07-05T13:03:15.273538+00:00,146.0,50,bid,FlawlessFlatbreads,EarnestEspressos,8337230
2026-07-05T13:03:15.372085,2026-07-05T13:03:15.382581+00:00,145.5,41,ask,EarnestEspressos,CostlyCorianders,8337232
2026-07-05T13:03:16.561808,2026-07-05T13:03:16.573701+00:00,146.0,47,bid,CostlyCorianders,EarnestEspressos,8337255
2026-07-05T13:03:16.718455,2026-07-05T13:03:16.727963+00:00,145.9,34,ask,EarnestEspressos,Xuanyu Liu,8337259
2026-07-05T13:03:17.055021,2026-07-05T13:03:17.066631+00:00,145.9,44,ask,EarnestEspressos,CostlyCorianders,8337265
2026-07-05T13:03:17.369529,2026-07-05T13:03:17.381510+00:00,146.0,50,bid,FlawlessFlatbreads,DiligentDonuts,8337271
2026-07-05T13:03:18.125228,2026-07-05T13:03:18.132444+00:00,145.9,44,ask,EarnestEspressos,CostlyCorianders,8337283
2026-07-05T13:03:19.531223,2026-07-05T13:03:19.538647+00:00,145.9,28,ask,EarnestEspressos,FlawlessFlatbreads,8337298
2026-07-05T13:03:19.531223,2026-07-05T13:03:19.544047+00:00,145.6,22,ask,DiligentDonuts,FlawlessFlatbreads,8337299
2026-07-05T13:03:19.699476,2026-07-05T13:03:19.711221+00:00,146.1,44,bid,CostlyCorianders,DiligentDonuts,8337300
2026-07-05T13:03:20.375902,2026-07-05T13:03:20.385126+00:00,146.0,11,bid,Xuanyu Liu,EarnestEspressos,8337308
2026-07-05T13:03:21.124562,2026-07-05T13:03:21.131966+00:00,146.0,100,bid,DiligentDonuts,EarnestEspressos,8337324
2026-07-05T13:03:21.638016,2026-07-05T13:03:21.649883+00:00,145.5,50,ask,EarnestEspressos,FlawlessFlatbreads,8337329
2026-07-05T13:03:23.747908,2026-07-05T13:03:23.754315+00:00,145.9,50,ask,EarnestEspressos,FlawlessFlatbreads,8337363
2026-07-05T13:03:24.320856,2026-07-05T13:03:24.332660+00:00,145.9,45,ask,EarnestEspressos,CostlyCorianders,8337366
2026-07-05T13:03:29.579026,2026-07-05T13:03:29.589356+00:00,145.9,12,bid,Xuanyu Liu,EarnestEspressos,8337453
2026-07-05T13:03:30.028052,2026-07-05T13:03:30.039590+00:00,145.9,50,bid,FlawlessFlatbreads,EarnestEspressos,8337461
2026-07-05T13:03:31.910176,2026-07-05T13:03:31.921604+00:00,145.9,48,bid,CostlyCorianders,EarnestEspressos,8337488
2026-07-05T13:03:32.136113,2026-07-05T13:03:32.146434+00:00,145.9,40,bid,FlawlessFlatbreads,EarnestEspressos,8337495
2026-07-05T13:03:32.136113,2026-07-05T13:03:32.146434+00:00,146.2,10,bid,FlawlessFlatbreads,DiligentDonuts,8337496
2026-07-05T13:03:32.546974,2026-07-05T13:03:32.557455+00:00,146.1,12,ask,EarnestEspressos,Xuanyu Liu,8337503
2026-07-05T13:03:32.680209,2026-07-05T13:03:32.690133+00:00,146.1,14,ask,EarnestEspressos,Xuanyu Liu,8337507
2026-07-05T13:03:33.553667,2026-07-05T13:03:33.565245+00:00,146.1,46,ask,EarnestEspressos,CostlyCorianders,8337521
2026-07-05T13:03:33.819361,2026-07-05T13:03:33.829037+00:00,146.1,78,ask,EarnestEspressos,DiligentDonuts,8337528
2026-07-05T13:03:34.027216,2026-07-05T13:03:34.034857+00:00,145.9,22,bid,CostlyCorianders,DiligentDonuts,8337533
2026-07-05T13:03:34.027216,2026-07-05T13:03:34.040179+00:00,146.6,21,bid,CostlyCorianders,EarnestEspressos,8337534
2026-07-05T13:03:35.829245,2026-07-05T13:03:35.837324+00:00,145.8,3,bid,Xuanyu Liu,EarnestEspressos,8337561
2026-07-05T13:03:36.131216,2026-07-05T13:03:36.140017+00:00,145.8,11,bid,Xuanyu Liu,EarnestEspressos,8337566
2026-07-05T13:03:36.366953,2026-07-05T13:03:36.378443+00:00,145.8,50,bid,FlawlessFlatbreads,EarnestEspressos,8337568
2026-07-05T13:03:36.928635,2026-07-05T13:03:36.935615+00:00,145.8,86,bid,DiligentDonuts,EarnestEspressos,8337579
2026-07-05T13:03:38.474463,2026-07-05T13:03:38.479002+00:00,146.4,50,bid,FlawlessFlatbreads,DiligentDonuts,8337592
2026-07-05T13:03:38.896024,2026-07-05T13:03:38.905027+00:00,146.1,11,ask,EarnestEspressos,Xuanyu Liu,8337598
2026-07-05T13:03:41.215882,2026-07-05T13:03:41.227382+00:00,146.1,43,ask,EarnestEspressos,CostlyCorianders,8337623
2026-07-05T13:03:41.389883,2026-07-05T13:03:41.402914+00:00,146.1,3,ask,EarnestEspressos,Xuanyu Liu,8337631
2026-07-05T13:03:44.861135,2026-07-05T13:03:44.870119+00:00,145.7,50,ask,EarnestEspressos,FlawlessFlatbreads,8337680
2026-07-05T13:03:48.696226,2026-07-05T13:03:48.708083+00:00,146.0,48,bid,CostlyCorianders,EarnestEspressos,8337739
2026-07-05T13:03:49.092238,2026-07-05T13:03:49.104072+00:00,145.7,50,ask,DiligentDonuts,FlawlessFlatbreads,8337742
2026-07-05T13:03:50.595906,2026-07-05T13:03:50.603583+00:00,146.0,3,bid,Xuanyu Liu,EarnestEspressos,8337770
2026-07-05T13:03:52.036440,2026-07-05T13:03:52.048265+00:00,146.1,46,bid,CostlyCorianders,DiligentDonuts,8337800
2026-07-05T13:03:53.303854,2026-07-05T13:03:53.311929+00:00,146.0,50,ask,DiligentDonuts,FlawlessFlatbreads,8337822
2026-07-05T13:03:55.408885,2026-07-05T13:03:55.420714+00:00,146.2,50,ask,EarnestEspressos,FlawlessFlatbreads,8337851
2026-07-05T13:03:55.877130,2026-07-05T13:03:55.888871+00:00,146.2,41,ask,EarnestEspressos,CostlyCorianders,8337857
2026-07-05T13:03:57.522333,2026-07-05T13:03:57.541966+00:00,146.2,50,ask,EarnestEspressos,FlawlessFlatbreads,8337878
2026-07-05T13:03:57.937671,2026-07-05T13:03:57.946262+00:00,146.0,23,bid,Xuanyu Liu,EarnestEspressos,8337897
2026-07-05T13:03:58.381666,2026-07-05T13:03:58.393228+00:00,145.9,41,ask,DiligentDonuts,CostlyCorianders,8337902
2026-07-05T13:03:59.579977,2026-07-05T13:03:59.591606+00:00,146.0,50,bid,FlawlessFlatbreads,EarnestEspressos,8337922
2026-07-05T13:04:01.687616,2026-07-05T13:04:01.699382+00:00,146.2,50,bid,FlawlessFlatbreads,DiligentDonuts,8337958
2026-07-05T13:04:01.908554,2026-07-05T13:04:01.920032+00:00,146.2,49,bid,CostlyCorianders,DiligentDonuts,8337960
2026-07-05T13:04:03.575438,2026-07-05T13:04:03.585267+00:00,145.8,47,ask,EarnestEspressos,CostlyCorianders,8337978
2026-07-05T13:04:05.936180,2026-07-05T13:04:05.942707+00:00,146.0,50,bid,FlawlessFlatbreads,EarnestEspressos,8338017
2026-07-05T13:04:07.222354,2026-07-05T13:04:07.238889+00:00,145.9,12,ask,DiligentDonuts,Xuanyu Liu,8338049
2026-07-05T13:04:07.931929,2026-07-05T13:04:07.943329+00:00,146.0,47,bid,CostlyCorianders,EarnestEspressos,8338060
2026-07-05T13:04:10.166785,2026-07-05T13:04:10.174127+00:00,146.0,50,bid,FlawlessFlatbreads,EarnestEspressos,8338093
2026-07-05T13:04:10.528687,2026-07-05T13:04:10.536073+00:00,146.2,100,bid,EarnestEspressos,DiligentDonuts,8338101
2026-07-05T13:04:10.591505,2026-07-05T13:04:10.600071+00:00,146.2,14,ask,EarnestEspressos,Xuanyu Liu,8338102
2026-07-05T13:04:10.603199,2026-07-05T13:04:10.615350+00:00,146.2,36,ask,EarnestEspressos,CostlyCorianders,8338104
2026-07-05T13:04:10.603199,2026-07-05T13:04:10.615350+00:00,145.7,13,ask,DiligentDonuts,CostlyCorianders,8338105
2026-07-05T13:04:12.826925,2026-07-05T13:04:12.839040+00:00,146.6,44,bid,CostlyCorianders,DiligentDonuts,8338127
2026-07-05T13:04:13.745158,2026-07-05T13:04:13.758555+00:00,146.1,100,ask,DiligentDonuts,EarnestEspressos,8338145
2026-07-05T13:04:13.851447,2026-07-05T13:04:13.853958+00:00,145.9,41,bid,CostlyCorianders,EarnestEspressos,8338147
2026-07-05T13:04:13.906378,2026-07-05T13:04:13.915819+00:00,145.4,40,ask,EarnestEspressos,CostlyCorianders,8338148
2026-07-05T13:04:14.218938,2026-07-05T13:04:14.227647+00:00,145.9,3,bid,Xuanyu Liu,EarnestEspressos,8338151
2026-07-05T13:04:14.375703,2026-07-05T13:04:14.387714+00:00,145.9,6,bid,FlawlessFlatbreads,EarnestEspressos,8338154
2026-07-05T13:04:14.375703,2026-07-05T13:04:14.387714+00:00,146.6,44,bid,FlawlessFlatbreads,DiligentDonuts,8338155
2026-07-05T13:04:16.535357,2026-07-05T13:04:16.544698+00:00,146.0,50,ask,DiligentDonuts,FlawlessFlatbreads,8338181
2026-07-05T13:04:18.643398,2026-07-05T13:04:18.663629+00:00,146.0,50,ask,EarnestEspressos,FlawlessFlatbreads,8338204
2026-07-05T13:04:20.751496,2026-07-05T13:04:20.764462+00:00,145.9,50,ask,DiligentDonuts,FlawlessFlatbreads,8338226
2026-07-05T13:04:22.856833,2026-07-05T13:04:22.868810+00:00,145.8,50,ask,EarnestEspressos,FlawlessFlatbreads,8338253
2026-07-05T13:04:25.123235,2026-07-05T13:04:25.130950+00:00,145.5,49,ask,EarnestEspressos,CostlyCorianders,8338291
2026-07-05T13:04:26.079188,2026-07-05T13:04:26.086717+00:00,145.5,40,ask,EarnestEspressos,CostlyCorianders,8338301
2026-07-05T13:04:26.408052,2026-07-05T13:04:26.418050+00:00,145.4,100,ask,DiligentDonuts,EarnestEspressos,8338308
2026-07-05T13:04:26.419199,2026-07-05T13:04:26.429078+00:00,145.2,23,bid,Xuanyu Liu,EarnestEspressos,8338309
2026-07-05T13:04:26.684508,2026-07-05T13:04:26.693437+00:00,145.2,11,bid,Xuanyu Liu,EarnestEspressos,8338318
2026-07-05T13:04:27.325574,2026-07-05T13:04:27.335515+00:00,145.2,12,bid,Xuanyu Liu,EarnestEspressos,8338330
2026-07-05T13:04:29.120779,2026-07-05T13:04:29.132403+00:00,145.2,4,bid,FlawlessFlatbreads,EarnestEspressos,8338350
2026-07-05T13:04:29.120779,2026-07-05T13:04:29.132403+00:00,145.6,46,bid,FlawlessFlatbreads,DiligentDonuts,8338351
2026-07-05T13:04:29.530751,2026-07-05T13:04:29.539455+00:00,145.5,12,ask,EarnestEspressos,Xuanyu Liu,8338355
2026-07-05T13:04:31.231653,2026-07-05T13:04:31.243363+00:00,145.9,50,bid,FlawlessFlatbreads,DiligentDonuts,8338384
2026-07-05T13:04:33.339308,2026-07-05T13:04:33.350814+00:00,145.9,50,bid,FlawlessFlatbreads,DiligentDonuts,8338411
2026-07-05T13:04:33.897436,2026-07-05T13:04:33.905144+00:00,145.5,11,ask,EarnestEspressos,Xuanyu Liu,8338420
2026-07-05T13:04:35.159547,2026-07-05T13:04:35.168433+00:00,145.5,12,ask,EarnestEspressos,Xuanyu Liu,8338439
2026-07-05T13:04:35.496862,2026-07-05T13:04:35.508490+00:00,145.5,50,ask,EarnestEspressos,FlawlessFlatbreads,8338444
2026-07-05T13:04:36.741203,2026-07-05T13:04:36.752663+00:00,145.7,41,bid,CostlyCorianders,EarnestEspressos,8338469
2026-07-05T13:04:37.073565,2026-07-05T13:04:37.081798+00:00,145.7,100,bid,DiligentDonuts,EarnestEspressos,8338475
2026-07-05T13:04:37.552765,2026-07-05T13:04:37.549430+00:00,145.7,9,bid,FlawlessFlatbreads,EarnestEspressos,8338481
2026-07-05T13:04:37.552765,2026-07-05T13:04:37.549430+00:00,146.2,41,bid,FlawlessFlatbreads,DiligentDonuts,8338482
2026-07-05T13:04:39.041812,2026-07-05T13:04:39.050312+00:00,146.0,11,ask,EarnestEspressos,Xuanyu Liu,8338499
2026-07-05T13:04:39.712224,2026-07-05T13:04:39.718453+00:00,146.0,50,ask,EarnestEspressos,FlawlessFlatbreads,8338508
2026-07-05T13:04:40.111884,2026-07-05T13:04:40.123602+00:00,146.2,43,bid,CostlyCorianders,DiligentDonuts,8338512
2026-07-05T13:04:41.177683,2026-07-05T13:04:41.189193+00:00,146.1,42,bid,CostlyCorianders,DiligentDonuts,8338520
2026-07-05T13:04:41.818590,2026-07-05T13:04:41.830192+00:00,146.0,50,ask,EarnestEspressos,FlawlessFlatbreads,8338526
2026-07-05T13:04:42.097105,2026-07-05T13:04:42.108929+00:00,146.0,39,ask,EarnestEspressos,CostlyCorianders,8338529
2026-07-05T13:04:42.097105,2026-07-05T13:04:42.108929+00:00,145.6,9,ask,DiligentDonuts,CostlyCorianders,8338530
2026-07-05T13:04:42.643574,2026-07-05T13:04:42.658594+00:00,145.6,46,ask,DiligentDonuts,CostlyCorianders,8338536
2026-07-05T13:04:43.217528,2026-07-05T13:04:43.229271+00:00,145.9,48,bid,CostlyCorianders,EarnestEspressos,8338544
2026-07-05T13:04:43.926187,2026-07-05T13:04:43.938318+00:00,145.7,50,ask,DiligentDonuts,FlawlessFlatbreads,8338554
2026-07-05T13:04:44.803380,2026-07-05T13:04:44.814835+00:00,145.7,42,ask,DiligentDonuts,CostlyCorianders,8338563
2026-07-05T13:04:46.037051,2026-07-05T13:04:46.048486+00:00,145.7,8,ask,DiligentDonuts,FlawlessFlatbreads,8338584
2026-07-05T13:04:46.037051,2026-07-05T13:04:46.048486+00:00,145.6,42,ask,EarnestEspressos,FlawlessFlatbreads,8338585
2026-07-05T13:04:48.146021,2026-07-05T13:04:48.158566+00:00,145.6,50,ask,EarnestEspressos,FlawlessFlatbreads,8338611
2026-07-05T13:04:48.600163,2026-07-05T13:04:48.608973+00:00,145.6,11,bid,Xuanyu Liu,EarnestEspressos,8338619
2026-07-05T13:04:49.675355,2026-07-05T13:04:49.684710+00:00,145.6,23,bid,Xuanyu Liu,EarnestEspressos,8338634
2026-07-05T13:04:50.268941,2026-07-05T13:04:50.273426+00:00,145.4,50,ask,DiligentDonuts,FlawlessFlatbreads,8338644
2026-07-05T13:04:51.714602,2026-07-05T13:04:51.726382+00:00,145.9,49,bid,CostlyCorianders,DiligentDonuts,8338670
2026-07-05T13:04:52.325399,2026-07-05T13:04:52.334276+00:00,145.7,50,bid,FlawlessFlatbreads,EarnestEspressos,8338687
2026-07-05T13:04:54.456021,2026-07-05T13:04:54.459095+00:00,145.6,50,bid,FlawlessFlatbreads,DiligentDonuts,8338725
2026-07-05T13:04:56.329859,2026-07-05T13:04:56.338453+00:00,146.0,41,bid,CostlyCorianders,EarnestEspressos,8338758
2026-07-05T13:04:56.562287,2026-07-05T13:04:56.574018+00:00,146.0,50,bid,FlawlessFlatbreads,EarnestEspressos,8338762
2026-07-05T13:04:58.020142,2026-07-05T13:04:58.031758+00:00,146.0,100,bid,EarnestEspressos,DiligentDonuts,8338791
2026-07-05T13:04:58.086707,2026-07-05T13:04:58.095622+00:00,146.1,23,ask,EarnestEspressos,Xuanyu Liu,8338797
2026-07-05T13:04:58.670462,2026-07-05T13:04:58.682410+00:00,146.6,50,bid,FlawlessFlatbreads,EarnestEspressos,8338810
2026-07-05T13:04:59.536048,2026-07-05T13:04:59.547745+00:00,146.1,27,ask,EarnestEspressos,CostlyCorianders,8338828
2026-07-05T13:04:59.536048,2026-07-05T13:04:59.547745+00:00,146.0,13,ask,DiligentDonuts,CostlyCorianders,8338829
2026-07-05T13:05:00.829770,2026-07-05T13:05:00.841681+00:00,146.0,50,ask,DiligentDonuts,FlawlessFlatbreads,8338848
2026-07-05T13:05:02.147207,2026-07-05T13:05:02.158602+00:00,146.0,37,ask,DiligentDonuts,CostlyCorianders,8338864
2026-07-05T13:05:02.147207,2026-07-05T13:05:02.158602+00:00,145.8,10,ask,EarnestEspressos,CostlyCorianders,8338865
2026-07-05T13:05:02.938056,2026-07-05T13:05:02.949466+00:00,145.8,50,ask,EarnestEspressos,FlawlessFlatbreads,8338878
2026-07-05T13:05:05.409816,2026-07-05T13:05:05.418087+00:00,145.9,12,bid,Xuanyu Liu,EarnestEspressos,8338916
2026-07-05T13:05:06.630449,2026-07-05T13:05:06.642227+00:00,145.9,40,bid,CostlyCorianders,EarnestEspressos,8338936
2026-07-05T13:05:07.097354,2026-07-05T13:05:07.107296+00:00,145.9,50,bid,FlawlessFlatbreads,EarnestEspressos,8338946
2026-07-05T13:05:08.853336,2026-07-05T13:05:08.865355+00:00,146.2,47,bid,CostlyCorianders,DiligentDonuts,8338973
2026-07-05T13:05:09.253004,2026-07-05T13:05:09.265040+00:00,146.2,50,bid,FlawlessFlatbreads,DiligentDonuts,8338978
2026-07-05T13:05:10.363849,2026-07-05T13:05:10.375508+00:00,145.9,46,ask,EarnestEspressos,CostlyCorianders,8338999
2026-07-05T13:05:11.008871,2026-07-05T13:05:11.020439+00:00,146.2,3,bid,CostlyCorianders,DiligentDonuts,8339006
2026-07-05T13:05:11.008871,2026-07-05T13:05:11.020439+00:00,146.3,38,bid,CostlyCorianders,EarnestEspressos,8339007
2026-07-05T13:05:11.365640,2026-07-05T13:05:11.377760+00:00,146.3,50,bid,FlawlessFlatbreads,EarnestEspressos,8339010
2026-07-05T13:05:12.983713,2026-07-05T13:05:12.995460+00:00,146.1,49,ask,DiligentDonuts,CostlyCorianders,8339033
2026-07-05T13:05:13.536653,2026-07-05T13:05:13.548215+00:00,146.1,50,ask,DiligentDonuts,FlawlessFlatbreads,8339038
2026-07-05T13:05:13.864973,2026-07-05T13:05:13.889284+00:00,146.2,12,ask,EarnestEspressos,Xuanyu Liu,8339044
2026-07-05T13:05:13.890414,2026-07-05T13:05:13.899161+00:00,146.2,11,ask,EarnestEspressos,Xuanyu Liu,8339049
2026-07-05T13:05:15.085593,2026-07-05T13:05:15.098164+00:00,146.2,100,ask,EarnestEspressos,DiligentDonuts,8339073
2026-07-05T13:05:15.643920,2026-07-05T13:05:15.655480+00:00,146.2,27,ask,EarnestEspressos,FlawlessFlatbreads,8339076
2026-07-05T13:05:16.315297,2026-07-05T13:05:16.322418+00:00,146.7,42,bid,CostlyCorianders,EarnestEspressos,8339090
2026-07-05T13:05:19.852434,2026-07-05T13:05:19.858600+00:00,146.1,50,ask,DiligentDonuts,FlawlessFlatbreads,8339139
2026-07-05T13:05:21.961260,2026-07-05T13:05:21.972964+00:00,146.0,50,ask,DiligentDonuts,FlawlessFlatbreads,8339173
2026-07-05T13:05:26.172217,2026-07-05T13:05:26.183731+00:00,145.6,50,ask,EarnestEspressos,FlawlessFlatbreads,8339226
2026-07-05T13:05:26.289943,2026-07-05T13:05:26.299393+00:00,145.6,46,ask,EarnestEspressos,CostlyCorianders,8339230
2026-07-05T13:05:26.567190,2026-07-05T13:05:26.576909+00:00,145.7,34,bid,Xuanyu Liu,EarnestEspressos,8339232
2026-07-05T13:05:27.925910,2026-07-05T13:05:27.937657+00:00,145.7,48,bid,CostlyCorianders,EarnestEspressos,8339258
2026-07-05T13:05:28.229080,2026-07-05T13:05:28.240777+00:00,145.7,50,bid,FlawlessFlatbreads,EarnestEspressos,8339261
2026-07-05T13:05:29.501063,2026-07-05T13:05:29.512600+00:00,145.6,43,ask,DiligentDonuts,CostlyCorianders,8339284
2026-07-05T13:05:30.102721,2026-07-05T13:05:30.114270+00:00,146.1,47,bid,CostlyCorianders,DiligentDonuts,8339293
2026-07-05T13:05:32.491210,2026-07-05T13:05:32.502783+00:00,145.7,50,ask,EarnestEspressos,FlawlessFlatbreads,8339318
2026-07-05T13:05:40.857694,2026-07-05T13:05:40.869248+00:00,146.0,50,bid,FlawlessFlatbreads,EarnestEspressos,8339455
2026-07-05T13:05:42.964555,2026-07-05T13:05:42.974495+00:00,146.0,50,bid,FlawlessFlatbreads,DiligentDonuts,8339489
2026-07-05T13:05:44.976085,2026-07-05T13:05:44.987782+00:00,145.6,48,ask,DiligentDonuts,CostlyCorianders,8339520
2026-07-05T13:05:45.076030,2026-07-05T13:05:45.087867+00:00,146.0,50,bid,FlawlessFlatbreads,EarnestEspressos,8339523
2026-07-05T13:05:45.489479,2026-07-05T13:05:45.498707+00:00,145.7,11,ask,EarnestEspressos,Xuanyu Liu,8339533
2026-07-05T13:05:45.633974,2026-07-05T13:05:45.641509+00:00,146.1,47,bid,CostlyCorianders,DiligentDonuts,8339536
2026-07-05T13:05:47.183758,2026-07-05T13:05:47.195517+00:00,146.2,50,bid,FlawlessFlatbreads,EarnestEspressos,8339562
2026-07-05T13:05:48.650536,2026-07-05T13:05:48.659347+00:00,145.8,12,ask,EarnestEspressos,Xuanyu Liu,8339581
2026-07-05T13:05:49.871841,2026-07-05T13:05:49.883566+00:00,145.8,40,ask,EarnestEspressos,CostlyCorianders,8339608
2026-07-05T13:05:50.343475,2026-07-05T13:05:50.358594+00:00,145.8,47,ask,EarnestEspressos,CostlyCorianders,8339616
2026-07-05T13:05:51.445226,2026-07-05T13:05:51.456754+00:00,145.8,50,ask,EarnestEspressos,FlawlessFlatbreads,8339632
2026-07-05T13:05:51.995760,2026-07-05T13:05:52.006846+00:00,145.8,41,bid,CostlyCorianders,EarnestEspressos,8339647
2026-07-05T13:05:52.599106,2026-07-05T13:05:52.606956+00:00,145.8,40,bid,CostlyCorianders,EarnestEspressos,8339656
2026-07-05T13:05:53.552659,2026-07-05T13:05:53.564464+00:00,145.5,50,ask,DiligentDonuts,FlawlessFlatbreads,8339670
2026-07-05T13:05:53.845452,2026-07-05T13:05:53.856913+00:00,145.5,46,ask,DiligentDonuts,CostlyCorianders,8339674
2026-07-05T13:05:55.667076,2026-07-05T13:05:55.678934+00:00,145.6,50,ask,EarnestEspressos,FlawlessFlatbreads,8339699
2026-07-05T13:05:55.780725,2026-07-05T13:05:55.792621+00:00,146.0,46,bid,CostlyCorianders,DiligentDonuts,8339702
2026-07-05T13:05:57.774750,2026-07-05T13:05:57.786586+00:00,145.6,50,ask,EarnestEspressos,FlawlessFlatbreads,8339738
2026-07-05T13:05:58.215166,2026-07-05T13:05:58.224392+00:00,145.7,41,bid,CostlyCorianders,EarnestEspressos,8339746
2026-07-05T13:05:59.729862,2026-07-05T13:05:59.741374+00:00,145.4,49,ask,DiligentDonuts,CostlyCorianders,8339766
2026-07-05T13:05:59.888562,2026-07-05T13:05:59.896124+00:00,145.4,50,ask,DiligentDonuts,FlawlessFlatbreads,8339768
2026-07-05T13:06:02.007053,2026-07-05T13:06:02.019098+00:00,145.4,1,ask,DiligentDonuts,FlawlessFlatbreads,8339797
2026-07-05T13:06:02.007053,2026-07-05T13:06:02.019098+00:00,145.4,49,ask,EarnestEspressos,FlawlessFlatbreads,8339798
2026-07-05T13:06:02.548957,2026-07-05T13:06:02.555387+00:00,145.4,100,ask,EarnestEspressos,DiligentDonuts,8339806
2026-07-05T13:06:04.133057,2026-07-05T13:06:04.144732+00:00,145.4,1,ask,EarnestEspressos,FlawlessFlatbreads,8339836
2026-07-05T13:06:04.133057,2026-07-05T13:06:04.144732+00:00,144.9,49,ask,DiligentDonuts,FlawlessFlatbreads,8339837
2026-07-05T13:06:04.517957,2026-07-05T13:06:04.526943+00:00,145.2,46,bid,Xuanyu Liu,EarnestEspressos,8339840
2026-07-05T13:06:04.940035,2026-07-05T13:06:04.958599+00:00,145.2,48,bid,CostlyCorianders,EarnestEspressos,8339850
2026-07-05T13:06:05.659411,2026-07-05T13:06:05.671024+00:00,145.2,56,bid,DiligentDonuts,EarnestEspressos,8339861
2026-07-05T13:06:06.241683,2026-07-05T13:06:06.253680+00:00,145.2,44,ask,DiligentDonuts,FlawlessFlatbreads,8339868
2026-07-05T13:06:06.241683,2026-07-05T13:06:06.253680+00:00,144.7,6,ask,EarnestEspressos,FlawlessFlatbreads,8339869
2026-07-05T13:06:08.352358,2026-07-05T13:06:08.363718+00:00,145.3,50,ask,EarnestEspressos,FlawlessFlatbreads,8339904
2026-07-05T13:06:08.387021,2026-07-05T13:06:08.397396+00:00,145.3,23,ask,EarnestEspressos,Xuanyu Liu,8339906
2026-07-05T13:06:08.879229,2026-07-05T13:06:08.888655+00:00,145.3,77,ask,EarnestEspressos,DiligentDonuts,8339913
2026-07-05T13:06:09.503855,2026-07-05T13:06:09.515673+00:00,144.8,43,ask,DiligentDonuts,CostlyCorianders,8339917
2026-07-05T13:06:09.965132,2026-07-05T13:06:09.976772+00:00,145.3,23,bid,CostlyCorianders,DiligentDonuts,8339926
2026-07-05T13:06:10.462203,2026-07-05T13:06:10.475876+00:00,144.8,50,ask,DiligentDonuts,FlawlessFlatbreads,8339930
2026-07-05T13:06:10.870845,2026-07-05T13:06:10.875035+00:00,145.0,23,bid,Xuanyu Liu,EarnestEspressos,8339936
2026-07-05T13:06:10.943476,2026-07-05T13:06:10.955022+00:00,145.0,45,bid,CostlyCorianders,EarnestEspressos,8339937
2026-07-05T13:06:12.080430,2026-07-05T13:06:12.082692+00:00,144.7,47,ask,DiligentDonuts,CostlyCorianders,8339961
2026-07-05T13:06:12.588708,2026-07-05T13:06:12.595344+00:00,144.7,50,ask,DiligentDonuts,FlawlessFlatbreads,8339968
2026-07-05T13:06:13.072728,2026-07-05T13:06:13.084387+00:00,144.7,3,ask,DiligentDonuts,CostlyCorianders,8339981
2026-07-05T13:06:13.072728,2026-07-05T13:06:13.084387+00:00,144.5,40,ask,EarnestEspressos,CostlyCorianders,8339982
2026-07-05T13:06:13.634141,2026-07-05T13:06:13.642301+00:00,145.0,11,bid,Xuanyu Liu,EarnestEspressos,8339992
2026-07-05T13:06:14.207093,2026-07-05T13:06:14.218664+00:00,145.2,48,bid,CostlyCorianders,DiligentDonuts,8340006
2026-07-05T13:06:16.574277,2026-07-05T13:06:16.585842+00:00,145.3,41,bid,CostlyCorianders,EarnestEspressos,8340044
2026-07-05T13:06:16.629576,2026-07-05T13:06:16.641208+00:00,144.8,41,ask,EarnestEspressos,CostlyCorianders,8340045
2026-07-05T13:06:16.804625,2026-07-05T13:06:16.814025+00:00,144.8,50,ask,EarnestEspressos,FlawlessFlatbreads,8340046
2026-07-05T13:06:17.559566,2026-07-05T13:06:17.567481+00:00,145.2,23,bid,Xuanyu Liu,EarnestEspressos,8340061
2026-07-05T13:06:18.912246,2026-07-05T13:06:18.923755+00:00,145.1,50,ask,DiligentDonuts,FlawlessFlatbreads,8340083
2026-07-05T13:06:20.510339,2026-07-05T13:06:20.521509+00:00,145.1,45,ask,DiligentDonuts,CostlyCorianders,8340099
2026-07-05T13:06:21.019896,2026-07-05T13:06:21.031440+00:00,145.1,5,ask,DiligentDonuts,FlawlessFlatbreads,8340102
2026-07-05T13:06:21.019896,2026-07-05T13:06:21.031440+00:00,145.0,45,ask,EarnestEspressos,FlawlessFlatbreads,8340103
2026-07-05T13:06:21.026392,2026-07-05T13:06:21.036744+00:00,145.5,42,bid,CostlyCorianders,EarnestEspressos,8340104
2026-07-05T13:06:22.682275,2026-07-05T13:06:22.693835+00:00,145.2,45,bid,CostlyCorianders,DiligentDonuts,8340126
2026-07-05T13:06:22.737390,2026-07-05T13:06:22.748507+00:00,145.0,48,ask,EarnestEspressos,CostlyCorianders,8340128
2026-07-05T13:06:23.128294,2026-07-05T13:06:23.140083+00:00,145.0,50,ask,EarnestEspressos,FlawlessFlatbreads,8340134
2026-07-05T13:06:23.518122,2026-07-05T13:06:23.526838+00:00,145.0,6,bid,Xuanyu Liu,EarnestEspressos,8340135
2026-07-05T13:06:25.235045,2026-07-05T13:06:25.247090+00:00,144.8,50,ask,DiligentDonuts,FlawlessFlatbreads,8340154
2026-07-05T13:06:27.291957,2026-07-05T13:06:27.304716+00:00,145.1,50,bid,FlawlessFlatbreads,EarnestEspressos,8340179
2026-07-05T13:06:29.399267,2026-07-05T13:06:29.411097+00:00,145.1,50,bid,FlawlessFlatbreads,EarnestEspressos,8340216
2026-07-05T13:06:29.803788,2026-07-05T13:06:29.815400+00:00,145.1,41,ask,EarnestEspressos,CostlyCorianders,8340219
2026-07-05T13:06:31.512229,2026-07-05T13:06:31.524010+00:00,145.5,50,bid,FlawlessFlatbreads,DiligentDonuts,8340245
2026-07-05T13:06:33.623223,2026-07-05T13:06:33.631065+00:00,145.5,50,bid,FlawlessFlatbreads,DiligentDonuts,8340277
2026-07-05T13:06:35.731668,2026-07-05T13:06:35.741729+00:00,145.6,50,bid,FlawlessFlatbreads,EarnestEspressos,8340312
2026-07-05T13:06:37.838530,2026-07-05T13:06:37.850391+00:00,145.6,50,bid,FlawlessFlatbreads,EarnestEspressos,8340338
2026-07-05T13:06:39.363854,2026-07-05T13:06:39.374414+00:00,145.7,46,bid,CostlyCorianders,DiligentDonuts,8340354
2026-07-05T13:06:39.946255,2026-07-05T13:06:39.957749+00:00,145.7,50,bid,FlawlessFlatbreads,DiligentDonuts,8340362
2026-07-05T13:06:40.476188,2026-07-05T13:06:40.485847+00:00,145.4,6,ask,DiligentDonuts,Xuanyu Liu,8340371
2026-07-05T13:06:42.053435,2026-07-05T13:06:42.065267+00:00,145.8,50,bid,FlawlessFlatbreads,EarnestEspressos,8340396
2026-07-05T13:06:42.280630,2026-07-05T13:06:42.288783+00:00,145.4,11,ask,DiligentDonuts,Xuanyu Liu,8340399
2026-07-05T13:06:42.432275,2026-07-05T13:06:42.440480+00:00,145.5,12,ask,EarnestEspressos,Xuanyu Liu,8340405
2026-07-05T13:06:44.162705,2026-07-05T13:06:44.171229+00:00,145.8,50,bid,FlawlessFlatbreads,DiligentDonuts,8340430
2026-07-05T13:06:45.039782,2026-07-05T13:06:45.047390+00:00,145.5,46,ask,EarnestEspressos,CostlyCorianders,8340445
2026-07-05T13:06:46.268279,2026-07-05T13:06:46.280107+00:00,145.8,50,bid,FlawlessFlatbreads,DiligentDonuts,8340466
2026-07-05T13:06:48.333214,2026-07-05T13:06:48.343027+00:00,145.5,11,ask,DiligentDonuts,Xuanyu Liu,8340498
2026-07-05T13:06:48.374982,2026-07-05T13:06:48.386746+00:00,145.8,50,bid,FlawlessFlatbreads,EarnestEspressos,8340500
2026-07-05T13:06:48.522213,2026-07-05T13:06:48.534162+00:00,145.5,44,ask,DiligentDonuts,CostlyCorianders,8340503
2026-07-05T13:06:49.042426,2026-07-05T13:06:49.053970+00:00,145.8,47,bid,CostlyCorianders,EarnestEspressos,8340515
2026-07-05T13:06:50.484046,2026-07-05T13:06:50.495412+00:00,145.8,50,bid,FlawlessFlatbreads,EarnestEspressos,8340535
2026-07-05T13:06:50.594268,2026-07-05T13:06:50.605979+00:00,145.8,46,bid,CostlyCorianders,EarnestEspressos,8340537
2026-07-05T13:06:51.917862,2026-07-05T13:06:51.931542+00:00,145.9,100,bid,EarnestEspressos,DiligentDonuts,8340550
2026-07-05T13:06:51.985648,2026-07-05T13:06:51.993805+00:00,146.1,50,ask,EarnestEspressos,Xuanyu Liu,8340554
2026-07-05T13:06:52.220482,2026-07-05T13:06:52.231996+00:00,145.4,42,ask,DiligentDonuts,CostlyCorianders,8340557
2026-07-05T13:06:52.591344,2026-07-05T13:06:52.602772+00:00,146.5,50,bid,FlawlessFlatbreads,EarnestEspressos,8340568
2026-07-05T13:06:53.207895,2026-07-05T13:06:53.217581+00:00,146.0,4,bid,Xuanyu Liu,DiligentDonuts,8340573
2026-07-05T13:06:53.386120,2026-07-05T13:06:53.396049+00:00,145.5,41,ask,DiligentDonuts,CostlyCorianders,8340575
2026-07-05T13:06:54.697186,2026-07-05T13:06:54.708914+00:00,146.0,50,bid,FlawlessFlatbreads,DiligentDonuts,8340597
2026-07-05T13:06:55.264977,2026-07-05T13:06:55.276567+00:00,146.0,46,bid,CostlyCorianders,DiligentDonuts,8340598
2026-07-05T13:06:56.390597,2026-07-05T13:06:56.402394+00:00,146.2,49,bid,CostlyCorianders,EarnestEspressos,8340624
2026-07-05T13:06:56.804672,2026-07-05T13:06:56.811541+00:00,146.2,50,bid,FlawlessFlatbreads,EarnestEspressos,8340630
2026-07-05T13:06:58.909252,2026-07-05T13:06:58.920856+00:00,146.5,50,bid,FlawlessFlatbreads,DiligentDonuts,8340666
2026-07-05T13:06:59.203592,2026-07-05T13:06:59.215072+00:00,146.2,43,ask,EarnestEspressos,CostlyCorianders,8340668
2026-07-05T13:06:59.762630,2026-07-05T13:06:59.774337+00:00,146.2,46,ask,EarnestEspressos,CostlyCorianders,8340680
2026-07-05T13:07:01.020364,2026-07-05T13:07:01.031577+00:00,146.7,50,bid,FlawlessFlatbreads,EarnestEspressos,8340694
2026-07-05T13:07:01.453437,2026-07-05T13:07:01.458556+00:00,146.7,42,bid,CostlyCorianders,DiligentDonuts,8340699
2026-07-05T13:07:01.994684,2026-07-05T13:07:02.006108+00:00,146.2,40,ask,DiligentDonuts,CostlyCorianders,8340715
2026-07-05T13:07:03.127036,2026-07-05T13:07:03.138469+00:00,146.6,50,bid,FlawlessFlatbreads,EarnestEspressos,8340733
2026-07-05T13:07:04.870390,2026-07-05T13:07:04.882191+00:00,146.6,44,bid,CostlyCorianders,DiligentDonuts,8340759
2026-07-05T13:07:05.237190,2026-07-05T13:07:05.246718+00:00,146.6,50,bid,FlawlessFlatbreads,DiligentDonuts,8340762
2026-07-05T13:07:05.801102,2026-07-05T13:07:05.809714+00:00,146.4,14,ask,DiligentDonuts,Xuanyu Liu,8340773
2026-07-05T13:07:07.396361,2026-07-05T13:07:07.405987+00:00,146.4,50,ask,DiligentDonuts,FlawlessFlatbreads,8340792
2026-07-05T13:07:09.159175,2026-07-05T13:07:09.167067+00:00,146.0,42,ask,EarnestEspressos,CostlyCorianders,8340816
2026-07-05T13:07:09.476995,2026-07-05T13:07:09.485311+00:00,146.5,50,bid,FlawlessFlatbreads,EarnestEspressos,8340820
2026-07-05T13:07:10.185138,2026-07-05T13:07:10.192950+00:00,146.0,40,ask,EarnestEspressos,CostlyCorianders,8340833
2026-07-05T13:07:11.635885,2026-07-05T13:07:11.664194+00:00,146.0,50,ask,DiligentDonuts,FlawlessFlatbreads,8340854
2026-07-05T13:07:12.883811,2026-07-05T13:07:12.895381+00:00,146.2,49,bid,CostlyCorianders,DiligentDonuts,8340869
2026-07-05T13:07:14.737561,2026-07-05T13:07:14.748271+00:00,146.2,45,bid,CostlyCorianders,DiligentDonuts,8340897
2026-07-05T13:07:15.796924,2026-07-05T13:07:15.808425+00:00,146.3,50,bid,FlawlessFlatbreads,EarnestEspressos,8340913
2026-07-05T13:07:16.799153,2026-07-05T13:07:16.810883+00:00,146.0,42,ask,DiligentDonuts,CostlyCorianders,8340929
2026-07-05T13:07:17.904517,2026-07-05T13:07:17.916146+00:00,146.5,50,bid,FlawlessFlatbreads,DiligentDonuts,8340946
2026-07-05T13:07:20.006631,2026-07-05T13:07:20.013497+00:00,146.1,43,ask,EarnestEspressos,CostlyCorianders,8340975
2026-07-05T13:07:20.020158,2026-07-05T13:07:20.029158+00:00,146.4,50,bid,FlawlessFlatbreads,DiligentDonuts,8340976
2026-07-05T13:07:22.047742,2026-07-05T13:07:22.063692+00:00,146.2,49,ask,DiligentDonuts,CostlyCorianders,8341002
2026-07-05T13:07:22.127903,2026-07-05T13:07:22.135564+00:00,146.3,50,bid,FlawlessFlatbreads,EarnestEspressos,8341005
2026-07-05T13:07:24.297753,2026-07-05T13:07:24.309257+00:00,146.2,50,ask,DiligentDonuts,FlawlessFlatbreads,8341031
2026-07-05T13:07:24.624868,2026-07-05T13:07:24.634484+00:00,146.5,43,bid,CostlyCorianders,EarnestEspressos,8341039
2026-07-05T13:07:25.315681,2026-07-05T13:07:25.324409+00:00,146.4,42,bid,CostlyCorianders,DiligentDonuts,8341055
2026-07-05T13:07:26.427721,2026-07-05T13:07:26.436187+00:00,146.0,50,ask,EarnestEspressos,FlawlessFlatbreads,8341068
2026-07-05T13:07:28.482913,2026-07-05T13:07:28.494325+00:00,146.4,50,bid,FlawlessFlatbreads,EarnestEspressos,8341108
2026-07-05T13:07:30.440018,2026-07-05T13:07:30.458644+00:00,146.3,43,ask,EarnestEspressos,CostlyCorianders,8341130
2026-07-05T13:07:30.591435,2026-07-05T13:07:30.603242+00:00,146.5,50,bid,FlawlessFlatbreads,DiligentDonuts,8341132
2026-07-05T13:07:32.697921,2026-07-05T13:07:32.706152+00:00,146.7,50,bid,FlawlessFlatbreads,DiligentDonuts,8341159
2026-07-05T13:07:33.455806,2026-07-05T13:07:33.464868+00:00,146.5,45,bid,CostlyCorianders,EarnestEspressos,8341167
2026-07-05T13:07:34.068412,2026-07-05T13:07:34.079637+00:00,146.2,46,ask,DiligentDonuts,CostlyCorianders,8341180
2026-07-05T13:07:34.806220,2026-07-05T13:07:34.812860+00:00,146.5,50,bid,FlawlessFlatbreads,EarnestEspressos,8341185
2026-07-05T13:07:36.915276,2026-07-05T13:07:36.926908+00:00,146.7,50,bid,FlawlessFlatbreads,DiligentDonuts,8341214
2026-07-05T13:07:39.023210,2026-07-05T13:07:39.032687+00:00,146.8,50,bid,FlawlessFlatbreads,EarnestEspressos,8341238
2026-07-05T13:07:39.382863,2026-07-05T13:07:39.394128+00:00,146.5,14,ask,EarnestEspressos,Xuanyu Liu,8341242
2026-07-05T13:07:41.131238,2026-07-05T13:07:41.142679+00:00,147.0,50,bid,FlawlessFlatbreads,EarnestEspressos,8341267
2026-07-05T13:07:42.544850,2026-07-05T13:07:42.552754+00:00,146.8,23,ask,EarnestEspressos,Xuanyu Liu,8341283
2026-07-05T13:07:43.237625,2026-07-05T13:07:43.244807+00:00,147.0,50,bid,FlawlessFlatbreads,DiligentDonuts,8341299
2026-07-05T13:07:45.234065,2026-07-05T13:07:45.245833+00:00,146.8,4,ask,EarnestEspressos,Aaron Tian,8341326
2026-07-05T13:07:45.395756,2026-07-05T13:07:45.407854+00:00,146.8,50,ask,EarnestEspressos,FlawlessFlatbreads,8341331
2026-07-05T13:07:45.703423,2026-07-05T13:07:45.710295+00:00,146.6,44,ask,DiligentDonuts,CostlyCorianders,8341333
2026-07-05T13:07:46.323645,2026-07-05T13:07:46.335213+00:00,147.1,49,bid,CostlyCorianders,DiligentDonuts,8341349
2026-07-05T13:07:47.503773,2026-07-05T13:07:47.511089+00:00,146.7,50,ask,DiligentDonuts,FlawlessFlatbreads,8341363
2026-07-05T13:07:48.480149,2026-07-05T13:07:48.491875+00:00,146.7,4,ask,DiligentDonuts,Aaron Tian,8341379
2026-07-05T13:07:49.610250,2026-07-05T13:07:49.621943+00:00,146.7,46,ask,DiligentDonuts,FlawlessFlatbreads,8341391
2026-07-05T13:07:49.610250,2026-07-05T13:07:49.621943+00:00,146.4,4,ask,EarnestEspressos,FlawlessFlatbreads,8341392
2026-07-05T13:07:50.104457,2026-07-05T13:07:50.113822+00:00,146.4,49,ask,EarnestEspressos,CostlyCorianders,8341399
2026-07-05T13:07:51.670868,2026-07-05T13:07:51.678654+00:00,146.8,50,bid,FlawlessFlatbreads,DiligentDonuts,8341427
2026-07-05T13:07:51.741685,2026-07-05T13:07:51.750902+00:00,146.8,44,bid,CostlyCorianders,DiligentDonuts,8341428
2026-07-05T13:07:53.827811,2026-07-05T13:07:53.839450+00:00,146.4,50,ask,EarnestEspressos,FlawlessFlatbreads,8341468
2026-07-05T13:07:53.912697,2026-07-05T13:07:53.924672+00:00,146.4,47,ask,EarnestEspressos,CostlyCorianders,8341470
2026-07-05T13:07:55.228501,2026-07-05T13:07:55.235656+00:00,146.4,100,ask,DiligentDonuts,EarnestEspressos,8341490
2026-07-05T13:07:55.242171,2026-07-05T13:07:55.250464+00:00,146.4,23,bid,Xuanyu Liu,EarnestEspressos,8341491
2026-07-05T13:07:55.885833,2026-07-05T13:07:55.894994+00:00,146.4,27,bid,FlawlessFlatbreads,EarnestEspressos,8341500
2026-07-05T13:07:55.885833,2026-07-05T13:07:55.894994+00:00,146.9,23,bid,FlawlessFlatbreads,DiligentDonuts,8341501
2026-07-05T13:07:59.672753,2026-07-05T13:07:59.681872+00:00,146.8,46,bid,CostlyCorianders,DiligentDonuts,8341556
2026-07-05T13:08:00.305769,2026-07-05T13:08:00.314975+00:00,146.4,41,ask,EarnestEspressos,CostlyCorianders,8341561
2026-07-05T13:08:00.923555,2026-07-05T13:08:00.935242+00:00,146.8,41,bid,CostlyCorianders,DiligentDonuts,8341569
2026-07-05T13:08:02.204213,2026-07-05T13:08:02.211343+00:00,146.7,50,bid,FlawlessFlatbreads,EarnestEspressos,8341600
2026-07-05T13:08:03.797955,2026-07-05T13:08:03.809540+00:00,146.4,40,ask,DiligentDonuts,CostlyCorianders,8341611
2026-07-05T13:08:04.361456,2026-07-05T13:08:04.372964+00:00,146.4,50,ask,DiligentDonuts,FlawlessFlatbreads,8341615
2026-07-05T13:08:04.696229,2026-07-05T13:08:04.707581+00:00,146.9,44,bid,CostlyCorianders,DiligentDonuts,8341624
2026-07-05T13:08:06.341734,2026-07-05T13:08:06.353388+00:00,146.4,45,ask,EarnestEspressos,CostlyCorianders,8341643
2026-07-05T13:08:06.416991,2026-07-05T13:08:06.423224+00:00,146.8,50,bid,FlawlessFlatbreads,DiligentDonuts,8341646
2026-07-05T13:08:08.573955,2026-07-05T13:08:08.582508+00:00,146.4,50,ask,EarnestEspressos,FlawlessFlatbreads,8341678
2026-07-05T13:08:09.053733,2026-07-05T13:08:09.061947+00:00,146.6,23,ask,DiligentDonuts,Xuanyu Liu,8341685
2026-07-05T13:08:09.486027,2026-07-05T13:08:09.494070+00:00,146.6,40,ask,DiligentDonuts,CostlyCorianders,8341691
2026-07-05T13:08:10.680655,2026-07-05T13:08:10.692002+00:00,146.6,37,ask,DiligentDonuts,FlawlessFlatbreads,8341702
2026-07-05T13:08:10.680655,2026-07-05T13:08:10.692002+00:00,146.4,13,ask,EarnestEspressos,FlawlessFlatbreads,8341703
2026-07-05T13:08:12.414639,2026-07-05T13:08:12.424990+00:00,146.5,48,bid,CostlyCorianders,EarnestEspressos,8341722
2026-07-05T13:08:12.792105,2026-07-05T13:08:12.803849+00:00,146.2,50,ask,DiligentDonuts,FlawlessFlatbreads,8341729
2026-07-05T13:08:12.976189,2026-07-05T13:08:12.985025+00:00,146.5,11,bid,Xuanyu Liu,EarnestEspressos,8341731
2026-07-05T13:08:13.541109,2026-07-05T13:08:13.553045+00:00,146.5,43,bid,CostlyCorianders,EarnestEspressos,8341743
2026-07-05T13:08:14.531618,2026-07-05T13:08:14.543007+00:00,146.5,4,ask,EarnestEspressos,Aaron Tian,8341765
2026-07-05T13:08:14.924733,2026-07-05T13:08:14.936214+00:00,146.5,50,ask,EarnestEspressos,FlawlessFlatbreads,8341766
2026-07-05T13:08:15.160683,2026-07-05T13:08:15.172237+00:00,146.5,46,ask,EarnestEspressos,CostlyCorianders,8341772
2026-07-05T13:08:15.418511,2026-07-05T13:08:15.425615+00:00,146.5,50,ask,EarnestEspressos,DiligentDonuts,8341777
2026-07-05T13:08:17.033754,2026-07-05T13:08:17.045665+00:00,146.0,50,ask,DiligentDonuts,FlawlessFlatbreads,8341794
2026-07-05T13:08:17.398005,2026-07-05T13:08:17.406849+00:00,146.2,12,bid,Xuanyu Liu,EarnestEspressos,8341804
2026-07-05T13:08:20.408892,2026-07-05T13:08:20.417156+00:00,146.2,11,bid,Xuanyu Liu,EarnestEspressos,8341842
2026-07-05T13:08:21.195481,2026-07-05T13:08:21.207356+00:00,146.4,50,bid,FlawlessFlatbreads,DiligentDonuts,8341853
2026-07-05T13:08:22.320694,2026-07-05T13:08:22.330670+00:00,146.4,45,bid,CostlyCorianders,EarnestEspressos,8341869
2026-07-05T13:08:23.302749,2026-07-05T13:08:23.314326+00:00,146.4,50,bid,FlawlessFlatbreads,EarnestEspressos,8341878
2026-07-05T13:08:24.196954,2026-07-05T13:08:24.208562+00:00,146.6,49,bid,CostlyCorianders,DiligentDonuts,8341887
2026-07-05T13:08:25.409372,2026-07-05T13:08:25.420689+00:00,146.8,50,bid,FlawlessFlatbreads,EarnestEspressos,8341908
2026-07-05T13:08:26.839200,2026-07-05T13:08:26.848004+00:00,146.5,11,ask,EarnestEspressos,Xuanyu Liu,8341935
2026-07-05T13:08:27.515629,2026-07-05T13:08:27.527306+00:00,146.8,50,bid,FlawlessFlatbreads,DiligentDonuts,8341945
2026-07-05T13:08:27.671829,2026-07-05T13:08:27.679736+00:00,146.5,12,ask,EarnestEspressos,Xuanyu Liu,8341949
2026-07-05T13:08:29.263770,2026-07-05T13:08:29.271190+00:00,146.5,40,ask,EarnestEspressos,CostlyCorianders,8341974
2026-07-05T13:08:29.639555,2026-07-05T13:08:29.651049+00:00,146.9,50,bid,FlawlessFlatbreads,DiligentDonuts,8341983
2026-07-05T13:08:30.329177,2026-07-05T13:08:30.340807+00:00,146.4,41,ask,DiligentDonuts,CostlyCorianders,8341999
2026-07-05T13:08:30.825730,2026-07-05T13:08:30.836039+00:00,146.4,4,ask,DiligentDonuts,Aaron Tian,8342001
2026-07-05T13:08:31.359913,2026-07-05T13:08:31.367865+00:00,146.4,34,ask,DiligentDonuts,Xuanyu Liu,8342013
2026-07-05T13:08:31.747219,2026-07-05T13:08:31.758548+00:00,146.7,50,bid,FlawlessFlatbreads,EarnestEspressos,8342023
2026-07-05T13:08:33.534904,2026-07-05T13:08:33.546444+00:00,146.4,46,ask,DiligentDonuts,CostlyCorianders,8342049
2026-07-05T13:08:33.905952,2026-07-05T13:08:33.917252+00:00,146.4,20,ask,DiligentDonuts,FlawlessFlatbreads,8342054
2026-07-05T13:08:33.905952,2026-07-05T13:08:33.917252+00:00,146.2,30,ask,EarnestEspressos,FlawlessFlatbreads,8342055
2026-07-05T13:08:34.503953,2026-07-05T13:08:34.515352+00:00,146.6,48,bid,CostlyCorianders,DiligentDonuts,8342061
2026-07-05T13:08:35.057162,2026-07-05T13:08:35.068868+00:00,146.2,44,ask,EarnestEspressos,CostlyCorianders,8342069
2026-07-05T13:08:36.014973,2026-07-05T13:08:36.026837+00:00,146.2,50,ask,EarnestEspressos,FlawlessFlatbreads,8342081
2026-07-05T13:08:36.393804,2026-07-05T13:08:36.402916+00:00,146.2,34,bid,Xuanyu Liu,EarnestEspressos,8342087
2026-07-05T13:08:38.120169,2026-07-05T13:08:38.128751+00:00,146.2,47,bid,CostlyCorianders,EarnestEspressos,8342103
2026-07-05T13:08:38.124929,2026-07-05T13:08:38.133959+00:00,146.1,50,ask,DiligentDonuts,FlawlessFlatbreads,8342104
2026-07-05T13:08:39.864334,2026-07-05T13:08:39.876225+00:00,146.1,47,ask,DiligentDonuts,CostlyCorianders,8342131
2026-07-05T13:08:40.231306,2026-07-05T13:08:40.243388+00:00,146.1,3,ask,DiligentDonuts,FlawlessFlatbreads,8342132
2026-07-05T13:08:40.231306,2026-07-05T13:08:40.243388+00:00,145.9,47,ask,EarnestEspressos,FlawlessFlatbreads,8342133
2026-07-05T13:08:40.346880,2026-07-05T13:08:40.353122+00:00,146.4,47,bid,CostlyCorianders,EarnestEspressos,8342137
2026-07-05T13:08:41.892391,2026-07-05T13:08:41.904182+00:00,146.4,46,bid,CostlyCorianders,EarnestEspressos,8342160
2026-07-05T13:08:41.946092,2026-07-05T13:08:41.957730+00:00,145.9,48,ask,EarnestEspressos,CostlyCorianders,8342161
2026-07-05T13:08:42.340038,2026-07-05T13:08:42.351508+00:00,145.9,50,ask,EarnestEspressos,FlawlessFlatbreads,8342172
2026-07-05T13:08:42.999833,2026-07-05T13:08:43.011670+00:00,146.2,43,bid,CostlyCorianders,EarnestEspressos,8342180
2026-07-05T13:08:43.505188,2026-07-05T13:08:43.516739+00:00,146.2,48,bid,CostlyCorianders,EarnestEspressos,8342190
2026-07-05T13:08:44.447992,2026-07-05T13:08:44.446299+00:00,145.8,50,ask,DiligentDonuts,FlawlessFlatbreads,8342204
2026-07-05T13:08:45.481977,2026-07-05T13:08:45.493533+00:00,145.8,44,ask,DiligentDonuts,CostlyCorianders,8342218
2026-07-05T13:08:45.816741,2026-07-05T13:08:45.826323+00:00,146.3,100,bid,EarnestEspressos,DiligentDonuts,8342230
2026-07-05T13:08:46.554091,2026-07-05T13:08:46.565733+00:00,146.3,50,ask,EarnestEspressos,FlawlessFlatbreads,8342238
2026-07-05T13:08:48.021975,2026-07-05T13:08:48.033677+00:00,145.9,44,ask,DiligentDonuts,CostlyCorianders,8342262
2026-07-05T13:08:48.663217,2026-07-05T13:08:48.675075+00:00,145.9,50,ask,DiligentDonuts,FlawlessFlatbreads,8342272
2026-07-05T13:08:49.039140,2026-07-05T13:08:49.048944+00:00,146.1,12,bid,Xuanyu Liu,EarnestEspressos,8342284
2026-07-05T13:08:49.448520,2026-07-05T13:08:49.457319+00:00,146.1,11,bid,Xuanyu Liu,EarnestEspressos,8342286
2026-07-05T13:08:50.767835,2026-07-05T13:08:50.774168+00:00,145.6,50,ask,EarnestEspressos,FlawlessFlatbreads,8342305
2026-07-05T13:08:52.875200,2026-07-05T13:08:52.886875+00:00,145.6,50,ask,DiligentDonuts,FlawlessFlatbreads,8342332
2026-07-05T13:08:53.402805,2026-07-05T13:08:53.411169+00:00,145.9,3,bid,Xuanyu Liu,DiligentDonuts,8342341
2026-07-05T13:08:54.981510,2026-07-05T13:08:54.992914+00:00,145.5,50,ask,EarnestEspressos,FlawlessFlatbreads,8342364
2026-07-05T13:08:59.192141,2026-07-05T13:08:59.200362+00:00,145.5,50,ask,DiligentDonuts,FlawlessFlatbreads,8342424
2026-07-05T13:09:00.100230,2026-07-05T13:09:00.108590+00:00,146.0,4,bid,Aaron Tian,EarnestEspressos,8342435
2026-07-05T13:09:03.094293,2026-07-05T13:09:03.105992+00:00,146.0,42,bid,CostlyCorianders,EarnestEspressos,8342487
2026-07-05T13:09:03.400151,2026-07-05T13:09:03.411948+00:00,145.6,50,ask,DiligentDonuts,FlawlessFlatbreads,8342489
2026-07-05T13:09:05.612887,2026-07-05T13:09:05.624469+00:00,146.1,44,bid,CostlyCorianders,DiligentDonuts,8342521
2026-07-05T13:09:05.669023,2026-07-05T13:09:05.680677+00:00,145.8,46,ask,EarnestEspressos,CostlyCorianders,8342522
2026-07-05T13:09:06.254782,2026-07-05T13:09:06.263978+00:00,145.8,41,ask,EarnestEspressos,CostlyCorianders,8342531
2026-07-05T13:09:06.595623,2026-07-05T13:09:06.607023+00:00,146.0,4,bid,Aaron Tian,DiligentDonuts,8342534
2026-07-05T13:09:06.965125,2026-07-05T13:09:06.993172+00:00,146.0,3,bid,Xuanyu Liu,DiligentDonuts,8342538
2026-07-05T13:09:07.562496,2026-07-05T13:09:07.574080+00:00,146.0,50,bid,FlawlessFlatbreads,DiligentDonuts,8342546
2026-07-05T13:09:07.942008,2026-07-05T13:09:07.953861+00:00,146.0,43,bid,CostlyCorianders,DiligentDonuts,8342556
2026-07-05T13:09:09.168907,2026-07-05T13:09:09.176039+00:00,145.9,100,bid,DiligentDonuts,EarnestEspressos,8342587
2026-07-05T13:09:09.671319,2026-07-05T13:09:09.683109+00:00,145.9,50,bid,FlawlessFlatbreads,EarnestEspressos,8342595
2026-07-05T13:09:10.755694,2026-07-05T13:09:10.758541+00:00,146.4,43,bid,CostlyCorianders,DiligentDonuts,8342616
2026-07-05T13:09:11.269851,2026-07-05T13:09:11.282293+00:00,146.1,3,ask,EarnestEspressos,Xuanyu Liu,8342624
2026-07-05T13:09:11.795432,2026-07-05T13:09:11.805712+00:00,146.1,46,ask,EarnestEspressos,CostlyCorianders,8342632
2026-07-05T13:09:12.295667,2026-07-05T13:09:12.307759+00:00,146.6,47,bid,CostlyCorianders,EarnestEspressos,8342645
2026-07-05T13:09:13.888193,2026-07-05T13:09:13.899665+00:00,146.4,50,bid,FlawlessFlatbreads,DiligentDonuts,8342665
2026-07-05T13:09:20.279051,2026-07-05T13:09:20.290643+00:00,146.0,50,ask,DiligentDonuts,FlawlessFlatbreads,8342769
2026-07-05T13:09:22.395393,2026-07-05T13:09:22.402251+00:00,146.2,50,ask,EarnestEspressos,FlawlessFlatbreads,8342807
2026-07-05T13:09:23.046112,2026-07-05T13:09:23.057703+00:00,146.2,46,ask,EarnestEspressos,CostlyCorianders,8342814
2026-07-05T13:09:25.536414,2026-07-05T13:09:25.548262+00:00,146.4,42,bid,CostlyCorianders,EarnestEspressos,8342847
2026-07-05T13:09:26.580823,2026-07-05T13:09:26.592269+00:00,146.4,42,bid,CostlyCorianders,EarnestEspressos,8342861
2026-07-05T13:09:26.608449,2026-07-05T13:09:26.619250+00:00,146.0,50,ask,DiligentDonuts,FlawlessFlatbreads,8342862
2026-07-05T13:09:28.741837,2026-07-05T13:09:28.749621+00:00,146.2,50,ask,EarnestEspressos,FlawlessFlatbreads,8342889
2026-07-05T13:09:28.948987,2026-07-05T13:09:28.963617+00:00,146.2,40,ask,EarnestEspressos,CostlyCorianders,8342891
2026-07-05T13:09:30.850228,2026-07-05T13:09:30.856736+00:00,145.9,50,ask,EarnestEspressos,FlawlessFlatbreads,8342919
2026-07-05T13:09:31.700174,2026-07-05T13:09:31.708969+00:00,146.3,3,bid,Xuanyu Liu,DiligentDonuts,8342930
2026-07-05T13:09:32.630593,2026-07-05T13:09:32.641952+00:00,146.3,4,bid,Aaron Tian,DiligentDonuts,8342947
2026-07-05T13:09:32.979005,2026-07-05T13:09:32.990058+00:00,145.9,50,ask,EarnestEspressos,FlawlessFlatbreads,8342950
2026-07-05T13:09:33.372137,2026-07-05T13:09:33.380300+00:00,146.0,23,bid,Xuanyu Liu,EarnestEspressos,8342959
2026-07-05T13:09:33.733592,2026-07-05T13:09:33.745176+00:00,145.8,47,ask,DiligentDonuts,CostlyCorianders,8342963
2026-07-05T13:09:34.264987,2026-07-05T13:09:34.274010+00:00,146.0,11,bid,Xuanyu Liu,EarnestEspressos,8342974
2026-07-05T13:09:35.090047,2026-07-05T13:09:35.101804+00:00,145.8,50,ask,DiligentDonuts,FlawlessFlatbreads,8342982
2026-07-05T13:09:35.874190,2026-07-05T13:09:35.880809+00:00,146.0,4,bid,Aaron Tian,EarnestEspressos,8342993
2026-07-05T13:09:37.198484,2026-07-05T13:09:37.209973+00:00,145.8,50,ask,DiligentDonuts,FlawlessFlatbreads,8343019
2026-07-05T13:09:39.257009,2026-07-05T13:09:39.265751+00:00,146.0,50,bid,FlawlessFlatbreads,EarnestEspressos,8343054
2026-07-05T13:09:40.868143,2026-07-05T13:09:40.879823+00:00,145.9,100,ask,EarnestEspressos,DiligentDonuts,8343081
2026-07-05T13:09:41.365099,2026-07-05T13:09:41.376832+00:00,146.4,50,bid,FlawlessFlatbreads,EarnestEspressos,8343088
2026-07-05T13:09:41.771328,2026-07-05T13:09:41.778333+00:00,146.4,41,bid,CostlyCorianders,EarnestEspressos,8343096
2026-07-05T13:09:43.472610,2026-07-05T13:09:43.480075+00:00,146.4,50,bid,FlawlessFlatbreads,EarnestEspressos,8343126
2026-07-05T13:09:44.442210,2026-07-05T13:09:44.463611+00:00,146.3,44,bid,CostlyCorianders,DiligentDonuts,8343140
2026-07-05T13:09:45.579901,2026-07-05T13:09:45.588703+00:00,146.3,50,bid,FlawlessFlatbreads,DiligentDonuts,8343157
2026-07-05T13:09:46.120154,2026-07-05T13:09:46.129004+00:00,146.1,11,ask,EarnestEspressos,Xuanyu Liu,8343163
2026-07-05T13:09:47.431011,2026-07-05T13:09:47.439796+00:00,146.1,23,ask,EarnestEspressos,Xuanyu Liu,8343186
2026-07-05T13:09:47.686929,2026-07-05T13:09:47.693380+00:00,146.4,50,bid,FlawlessFlatbreads,DiligentDonuts,8343193
2026-07-05T13:09:49.792466,2026-07-05T13:09:49.804433+00:00,146.2,50,bid,FlawlessFlatbreads,EarnestEspressos,8343224
2026-07-05T13:09:51.900302,2026-07-05T13:09:51.911102+00:00,146.2,50,bid,FlawlessFlatbreads,EarnestEspressos,8343260
2026-07-05T13:09:53.643625,2026-07-05T13:09:53.653685+00:00,146.1,3,ask,EarnestEspressos,Xuanyu Liu,8343281
2026-07-05T13:09:54.008216,2026-07-05T13:09:54.019194+00:00,146.4,50,bid,FlawlessFlatbreads,DiligentDonuts,8343286
2026-07-05T13:09:56.115449,2026-07-05T13:09:56.124493+00:00,146.4,50,bid,FlawlessFlatbreads,DiligentDonuts,8343315
2026-07-05T13:09:57.638661,2026-07-05T13:09:57.645130+00:00,146.1,49,ask,DiligentDonuts,CostlyCorianders,8343328
2026-07-05T13:09:58.221648,2026-07-05T13:09:58.233075+00:00,146.5,50,bid,FlawlessFlatbreads,EarnestEspressos,8343342
2026-07-05T13:09:58.726223,2026-07-05T13:09:58.737616+00:00,146.4,49,ask,EarnestEspressos,CostlyCorianders,8343350
2026-07-05T13:10:00.326634,2026-07-05T13:10:00.338254+00:00,146.6,50,bid,FlawlessFlatbreads,DiligentDonuts,8343377
2026-07-05T13:10:00.513453,2026-07-05T13:10:00.525411+00:00,146.4,47,ask,EarnestEspressos,CostlyCorianders,8343380
2026-07-05T13:10:01.021126,2026-07-05T13:10:01.031908+00:00,146.6,43,bid,CostlyCorianders,DiligentDonuts,8343385
2026-07-05T13:10:02.433609,2026-07-05T13:10:02.445361+00:00,146.4,50,bid,FlawlessFlatbreads,EarnestEspressos,8343403
2026-07-05T13:10:02.564132,2026-07-05T13:10:02.574889+00:00,146.4,47,bid,CostlyCorianders,EarnestEspressos,8343406
2026-07-05T13:10:03.146939,2026-07-05T13:10:03.153341+00:00,146.3,43,ask,DiligentDonuts,CostlyCorianders,8343415
2026-07-05T13:10:04.541245,2026-07-05T13:10:04.552717+00:00,146.4,50,bid,FlawlessFlatbreads,EarnestEspressos,8343435
2026-07-05T13:10:04.983817,2026-07-05T13:10:04.993536+00:00,146.5,3,ask,EarnestEspressos,Xuanyu Liu,8343439
2026-07-05T13:10:05.424859,2026-07-05T13:10:05.431788+00:00,146.8,46,bid,CostlyCorianders,DiligentDonuts,8343446
2026-07-05T13:10:06.647470,2026-07-05T13:10:06.658551+00:00,147.0,50,bid,FlawlessFlatbreads,EarnestEspressos,8343466
2026-07-05T13:10:06.890962,2026-07-05T13:10:06.900412+00:00,146.6,46,ask,DiligentDonuts,CostlyCorianders,8343469
2026-07-05T13:10:07.128414,2026-07-05T13:10:07.136452+00:00,146.6,11,ask,DiligentDonuts,Xuanyu Liu,8343479
2026-07-05T13:10:10.612211,2026-07-05T13:10:10.623953+00:00,146.6,45,ask,EarnestEspressos,CostlyCorianders,8343523
2026-07-05T13:10:11.222789,2026-07-05T13:10:11.234506+00:00,146.7,40,bid,CostlyCorianders,DiligentDonuts,8343529
2026-07-05T13:10:12.300916,2026-07-05T13:10:12.304719+00:00,146.7,43,bid,CostlyCorianders,DiligentDonuts,8343541
2026-07-05T13:10:12.361293,2026-07-05T13:10:12.372872+00:00,146.7,11,bid,Xuanyu Liu,DiligentDonuts,8343546
2026-07-05T13:10:13.511108,2026-07-05T13:10:13.522713+00:00,146.9,42,ask,DiligentDonuts,CostlyCorianders,8343568
2026-07-05T13:10:13.675033,2026-07-05T13:10:13.683316+00:00,146.9,23,ask,DiligentDonuts,Xuanyu Liu,8343572
2026-07-05T13:10:14.008982,2026-07-05T13:10:14.015332+00:00,146.9,35,ask,DiligentDonuts,CostlyCorianders,8343578
2026-07-05T13:10:14.008982,2026-07-05T13:10:14.020487+00:00,146.6,7,ask,EarnestEspressos,CostlyCorianders,8343579
2026-07-05T13:10:15.149538,2026-07-05T13:10:15.158563+00:00,147.1,48,bid,CostlyCorianders,EarnestEspressos,8343596
2026-07-05T13:10:16.663816,2026-07-05T13:10:16.675484+00:00,146.6,44,ask,EarnestEspressos,CostlyCorianders,8343621
2026-07-05T13:10:17.197989,2026-07-05T13:10:17.208294+00:00,147.0,50,bid,FlawlessFlatbreads,DiligentDonuts,8343628
2026-07-05T13:10:19.306097,2026-07-05T13:10:19.317699+00:00,147.0,50,bid,FlawlessFlatbreads,DiligentDonuts,8343665
2026-07-05T13:10:21.429445,2026-07-05T13:10:21.442857+00:00,147.0,50,bid,FlawlessFlatbreads,DiligentDonuts,8343694
2026-07-05T13:10:22.518154,2026-07-05T13:10:22.529758+00:00,146.7,40,ask,DiligentDonuts,CostlyCorianders,8343711
2026-07-05T13:10:23.592651,2026-07-05T13:10:23.603998+00:00,146.7,50,ask,DiligentDonuts,FlawlessFlatbreads,8343731
2026-07-05T13:10:24.903932,2026-07-05T13:10:24.910590+00:00,146.7,4,ask,DiligentDonuts,Aaron Tian,8343740
2026-07-05T13:10:27.752362,2026-07-05T13:10:27.763990+00:00,146.8,50,bid,FlawlessFlatbreads,DiligentDonuts,8343774
2026-07-05T13:10:29.860541,2026-07-05T13:10:29.872334+00:00,146.9,50,bid,FlawlessFlatbreads,EarnestEspressos,8343806
2026-07-05T13:10:31.967271,2026-07-05T13:10:31.978936+00:00,146.9,50,bid,FlawlessFlatbreads,DiligentDonuts,8343834
2026-07-05T13:10:32.383898,2026-07-05T13:10:32.391004+00:00,146.9,42,bid,CostlyCorianders,DiligentDonuts,8343839
2026-07-05T13:10:32.864932,2026-07-05T13:10:32.876877+00:00,146.9,8,bid,CostlyCorianders,DiligentDonuts,8343840
2026-07-05T13:10:32.864932,2026-07-05T13:10:32.876877+00:00,147.0,32,bid,CostlyCorianders,EarnestEspressos,8343841
2026-07-05T13:10:33.755724,2026-07-05T13:10:33.753971+00:00,146.5,49,ask,EarnestEspressos,CostlyCorianders,8343860
2026-07-05T13:10:34.687028,2026-07-05T13:10:34.695729+00:00,146.5,4,ask,EarnestEspressos,Aaron Tian,8343872
2026-07-05T13:10:36.188424,2026-07-05T13:10:36.201937+00:00,147.0,50,bid,FlawlessFlatbreads,EarnestEspressos,8343895
2026-07-05T13:10:36.981503,2026-07-05T13:10:36.993399+00:00,146.6,46,ask,EarnestEspressos,CostlyCorianders,8343906
2026-07-05T13:10:37.973744,2026-07-05T13:10:37.985633+00:00,146.8,4,ask,DiligentDonuts,Aaron Tian,8343932
2026-07-05T13:10:38.344853,2026-07-05T13:10:38.358570+00:00,146.8,50,ask,DiligentDonuts,FlawlessFlatbreads,8343940
2026-07-05T13:10:38.645648,2026-07-05T13:10:38.657425+00:00,146.8,11,ask,DiligentDonuts,Xuanyu Liu,8343943
2026-07-05T13:10:40.451830,2026-07-05T13:10:40.463632+00:00,146.8,35,ask,DiligentDonuts,FlawlessFlatbreads,8343978
2026-07-05T13:10:40.451830,2026-07-05T13:10:40.463632+00:00,146.5,15,ask,EarnestEspressos,FlawlessFlatbreads,8343979
2026-07-05T13:10:41.226409,2026-07-05T13:10:41.233694+00:00,146.5,4,ask,EarnestEspressos,Aaron Tian,8343988
2026-07-05T13:10:42.509547,2026-07-05T13:10:42.520981+00:00,146.8,50,bid,FlawlessFlatbreads,DiligentDonuts,8344011
2026-07-05T13:10:42.760740,2026-07-05T13:10:42.769632+00:00,146.8,47,bid,CostlyCorianders,DiligentDonuts,8344017
2026-07-05T13:10:43.232218,2026-07-05T13:10:43.244162+00:00,146.3,47,ask,DiligentDonuts,CostlyCorianders,8344020
2026-07-05T13:10:43.782764,2026-07-05T13:10:43.789573+00:00,146.7,40,bid,CostlyCorianders,EarnestEspressos,8344026
2026-07-05T13:10:44.614768,2026-07-05T13:10:44.621969+00:00,146.7,50,bid,FlawlessFlatbreads,EarnestEspressos,8344034
2026-07-05T13:10:46.143958,2026-07-05T13:10:46.152339+00:00,146.7,12,ask,EarnestEspressos,Xuanyu Liu,8344047
2026-07-05T13:10:46.709285,2026-07-05T13:10:46.721242+00:00,146.9,42,bid,CostlyCorianders,DiligentDonuts,8344059
2026-07-05T13:10:46.775612,2026-07-05T13:10:46.782612+00:00,146.7,50,ask,EarnestEspressos,FlawlessFlatbreads,8344061
2026-07-05T13:10:47.772689,2026-07-05T13:10:47.784203+00:00,146.7,4,ask,EarnestEspressos,Aaron Tian,8344073
2026-07-05T13:10:48.883043,2026-07-05T13:10:48.894805+00:00,146.7,50,ask,EarnestEspressos,FlawlessFlatbreads,8344093
2026-07-05T13:10:49.578068,2026-07-05T13:10:49.589399+00:00,146.7,47,bid,CostlyCorianders,EarnestEspressos,8344107
2026-07-05T13:10:50.041203,2026-07-05T13:10:50.048497+00:00,146.5,42,ask,DiligentDonuts,CostlyCorianders,8344116
2026-07-05T13:10:50.990161,2026-07-05T13:10:51.001797+00:00,146.5,50,ask,DiligentDonuts,FlawlessFlatbreads,8344130
2026-07-05T13:10:51.096706,2026-07-05T13:10:51.107059+00:00,146.5,4,ask,DiligentDonuts,Aaron Tian,8344132
2026-07-05T13:10:51.733689,2026-07-05T13:10:51.742165+00:00,146.7,35,bid,Xuanyu Liu,EarnestEspressos,8344144
2026-07-05T13:10:52.476735,2026-07-05T13:10:52.488358+00:00,147.0,100,bid,EarnestEspressos,DiligentDonuts,8344156
2026-07-05T13:10:52.541906,2026-07-05T13:10:52.549433+00:00,147.0,12,ask,EarnestEspressos,Xuanyu Liu,8344157
2026-07-05T13:10:53.013087,2026-07-05T13:10:53.022896+00:00,147.0,10,ask,EarnestEspressos,Xuanyu Liu,8344165
2026-07-05T13:10:53.047733,2026-07-05T13:10:53.065909+00:00,147.5,50,bid,FlawlessFlatbreads,EarnestEspressos,8344171
2026-07-05T13:10:53.055200,2026-07-05T13:10:53.065909+00:00,147.0,24,ask,EarnestEspressos,Xuanyu Liu,8344172
2026-07-05T13:10:54.419923,2026-07-05T13:10:54.431414+00:00,147.0,4,ask,EarnestEspressos,Aaron Tian,8344190
2026-07-05T13:10:55.204373,2026-07-05T13:10:55.216352+00:00,146.7,50,ask,DiligentDonuts,FlawlessFlatbreads,8344197
2026-07-05T13:10:55.693653,2026-07-05T13:10:55.702741+00:00,146.7,40,ask,DiligentDonuts,CostlyCorianders,8344201
2026-07-05T13:10:56.975464,2026-07-05T13:10:56.984001+00:00,147.0,11,bid,Xuanyu Liu,EarnestEspressos,8344223
2026-07-05T13:10:57.311693,2026-07-05T13:10:57.333124+00:00,146.7,50,ask,DiligentDonuts,FlawlessFlatbreads,8344227
2026-07-05T13:10:59.422570,2026-07-05T13:10:59.434018+00:00,146.7,50,ask,DiligentDonuts,FlawlessFlatbreads,8344250
2026-07-05T13:10:59.598444,2026-07-05T13:10:59.608867+00:00,147.1,12,bid,Xuanyu Liu,EarnestEspressos,8344256
2026-07-05T13:11:00.943234,2026-07-05T13:11:00.951195+00:00,147.1,48,bid,CostlyCorianders,EarnestEspressos,8344283
2026-07-05T13:11:01.530117,2026-07-05T13:11:01.541989+00:00,146.7,50,ask,DiligentDonuts,FlawlessFlatbreads,8344289
2026-07-05T13:11:03.136227,2026-07-05T13:11:03.147803+00:00,147.1,100,ask,EarnestEspressos,DiligentDonuts,8344313
2026-07-05T13:11:03.637697,2026-07-05T13:11:03.645605+00:00,147.1,50,ask,EarnestEspressos,FlawlessFlatbreads,8344318
2026-07-05T13:11:05.187932,2026-07-05T13:11:05.198078+00:00,146.9,11,bid,Xuanyu Liu,EarnestEspressos,8344350
2026-07-05T13:11:05.747502,2026-07-05T13:11:05.756543+00:00,146.6,50,ask,DiligentDonuts,FlawlessFlatbreads,8344357
2026-07-05T13:11:06.323962,2026-07-05T13:11:06.332965+00:00,146.4,46,ask,EarnestEspressos,CostlyCorianders,8344364
2026-07-05T13:11:07.854573,2026-07-05T13:11:07.866074+00:00,146.4,50,ask,EarnestEspressos,FlawlessFlatbreads,8344380
2026-07-05T13:11:08.342269,2026-07-05T13:11:08.348464+00:00,146.4,100,ask,DiligentDonuts,EarnestEspressos,8344384
2026-07-05T13:11:08.359764,2026-07-05T13:11:08.369248+00:00,146.4,26,bid,Xuanyu Liu,EarnestEspressos,8344385
2026-07-05T13:11:09.964443,2026-07-05T13:11:09.974206+00:00,146.1,50,ask,DiligentDonuts,FlawlessFlatbreads,8344405
2026-07-05T13:11:10.889651,2026-07-05T13:11:10.901239+00:00,146.4,24,bid,CostlyCorianders,EarnestEspressos,8344416
2026-07-05T13:11:10.889651,2026-07-05T13:11:10.901239+00:00,146.6,22,bid,CostlyCorianders,DiligentDonuts,8344417
2026-07-05T13:11:11.450955,2026-07-05T13:11:11.463999+00:00,146.6,78,bid,EarnestEspressos,DiligentDonuts,8344424
2026-07-05T13:11:11.996703,2026-07-05T13:11:12.008288+00:00,146.6,48,ask,EarnestEspressos,CostlyCorianders,8344430
2026-07-05T13:11:12.073281,2026-07-05T13:11:12.081037+00:00,146.6,24,ask,EarnestEspressos,FlawlessFlatbreads,8344432
2026-07-05T13:11:12.073281,2026-07-05T13:11:12.081037+00:00,146.1,26,ask,DiligentDonuts,FlawlessFlatbreads,8344433
2026-07-05T13:11:14.512629,2026-07-05T13:11:14.522136+00:00,146.9,47,bid,CostlyCorianders,DiligentDonuts,8344460
2026-07-05T13:11:15.604239,2026-07-05T13:11:15.615746+00:00,146.6,43,bid,CostlyCorianders,EarnestEspressos,8344478
2026-07-05T13:11:15.751549,2026-07-05T13:11:15.753071+00:00,146.6,100,bid,DiligentDonuts,EarnestEspressos,8344480
2026-07-05T13:11:16.233573,2026-07-05T13:11:16.245230+00:00,146.6,7,bid,FlawlessFlatbreads,EarnestEspressos,8344488
2026-07-05T13:11:16.233573,2026-07-05T13:11:16.245230+00:00,147.1,43,bid,FlawlessFlatbreads,DiligentDonuts,8344489
2026-07-05T13:11:17.959555,2026-07-05T13:11:17.968758+00:00,146.8,3,ask,EarnestEspressos,Xuanyu Liu,8344516
2026-07-05T13:11:18.984812,2026-07-05T13:11:18.996297+00:00,146.8,100,ask,EarnestEspressos,DiligentDonuts,8344528
2026-07-05T13:11:20.767747,2026-07-05T13:11:20.777267+00:00,146.8,47,ask,EarnestEspressos,CostlyCorianders,8344547
2026-07-05T13:11:20.767747,2026-07-05T13:11:20.777267+00:00,146.2,2,ask,DiligentDonuts,CostlyCorianders,8344548
2026-07-05T13:11:21.011384,2026-07-05T13:11:21.019619+00:00,146.5,3,bid,Xuanyu Liu,EarnestEspressos,8344551
2026-07-05T13:11:22.101995,2026-07-05T13:11:22.112526+00:00,146.5,100,bid,DiligentDonuts,EarnestEspressos,8344567
2026-07-05T13:11:22.629055,2026-07-05T13:11:22.640709+00:00,146.0,50,ask,EarnestEspressos,FlawlessFlatbreads,8344577
2026-07-05T13:11:23.807702,2026-07-05T13:11:23.814332+00:00,146.5,4,bid,Aaron Tian,EarnestEspressos,8344596
2026-07-05T13:11:24.738430,2026-07-05T13:11:24.749802+00:00,146.3,50,ask,EarnestEspressos,FlawlessFlatbreads,8344620
2026-07-05T13:11:26.874965,2026-07-05T13:11:26.886493+00:00,146.3,50,ask,EarnestEspressos,FlawlessFlatbreads,8344645
2026-07-05T13:11:27.334902,2026-07-05T13:11:27.352059+00:00,146.3,3,bid,Xuanyu Liu,EarnestEspressos,8344649
2026-07-05T13:11:28.983919,2026-07-05T13:11:28.995701+00:00,146.2,50,ask,DiligentDonuts,FlawlessFlatbreads,8344673
2026-07-05T13:11:29.622936,2026-07-05T13:11:29.634579+00:00,146.3,48,bid,CostlyCorianders,EarnestEspressos,8344682
2026-07-05T13:11:31.090566,2026-07-05T13:11:31.101978+00:00,146.2,50,ask,DiligentDonuts,FlawlessFlatbreads,8344712
2026-07-05T13:11:33.209421,2026-07-05T13:11:33.218964+00:00,146.1,50,ask,EarnestEspressos,FlawlessFlatbreads,8344746
2026-07-05T13:11:33.354875,2026-07-05T13:11:33.355715+00:00,146.1,45,ask,EarnestEspressos,CostlyCorianders,8344752
2026-07-05T13:11:35.336569,2026-07-05T13:11:35.348125+00:00,146.0,50,ask,DiligentDonuts,FlawlessFlatbreads,8344787
2026-07-05T13:11:35.412067,2026-07-05T13:11:35.423613+00:00,146.0,45,ask,DiligentDonuts,CostlyCorianders,8344791
2026-07-05T13:11:36.596410,2026-07-05T13:11:36.604645+00:00,146.3,11,bid,Xuanyu Liu,EarnestEspressos,8344797
2026-07-05T13:11:36.845198,2026-07-05T13:11:36.856649+00:00,146.4,4,bid,Aaron Tian,EarnestEspressos,8344801
2026-07-05T13:11:37.444145,2026-07-05T13:11:37.463906+00:00,146.0,5,ask,DiligentDonuts,FlawlessFlatbreads,8344807
2026-07-05T13:11:37.444145,2026-07-05T13:11:37.463906+00:00,145.9,45,ask,EarnestEspressos,FlawlessFlatbreads,8344808
2026-07-05T13:11:38.202977,2026-07-05T13:11:38.214254+00:00,146.0,41,bid,CostlyCorianders,DiligentDonuts,8344822
2026-07-05T13:11:38.968381,2026-07-05T13:11:38.977323+00:00,146.0,12,bid,Xuanyu Liu,DiligentDonuts,8344837
2026-07-05T13:11:39.012295,2026-07-05T13:11:39.020249+00:00,146.0,11,bid,Xuanyu Liu,DiligentDonuts,8344841
2026-07-05T13:11:39.584054,2026-07-05T13:11:39.595945+00:00,145.9,50,ask,EarnestEspressos,FlawlessFlatbreads,8344846
2026-07-05T13:11:40.134031,2026-07-05T13:11:40.145135+00:00,146.0,4,bid,Aaron Tian,DiligentDonuts,8344857
2026-07-05T13:11:41.693476,2026-07-05T13:11:41.705238+00:00,145.9,50,ask,DiligentDonuts,FlawlessFlatbreads,8344871
2026-07-05T13:11:42.898081,2026-07-05T13:11:42.906853+00:00,145.9,11,ask,DiligentDonuts,Xuanyu Liu,8344890
2026-07-05T13:11:43.145424,2026-07-05T13:11:43.170342+00:00,145.9,39,ask,DiligentDonuts,EarnestEspressos,8344897
2026-07-05T13:11:43.160031,2026-07-05T13:11:43.170342+00:00,145.6,11,bid,Xuanyu Liu,EarnestEspressos,8344899
2026-07-05T13:11:43.468048,2026-07-05T13:11:43.479482+00:00,145.6,4,bid,Aaron Tian,EarnestEspressos,8344906
2026-07-05T13:11:44.036199,2026-07-05T13:11:44.045738+00:00,145.6,40,bid,CostlyCorianders,EarnestEspressos,8344914
2026-07-05T13:11:44.212888,2026-07-05T13:11:44.221183+00:00,145.6,23,bid,Xuanyu Liu,EarnestEspressos,8344918
2026-07-05T13:11:45.908699,2026-07-05T13:11:45.920394+00:00,145.2,50,ask,DiligentDonuts,FlawlessFlatbreads,8344946
2026-07-05T13:11:45.951766,2026-07-05T13:11:45.952511+00:00,145.6,33,bid,CostlyCorianders,EarnestEspressos,8344947
2026-07-05T13:11:45.951766,2026-07-05T13:11:45.952511+00:00,145.7,10,bid,CostlyCorianders,DiligentDonuts,8344948
2026-07-05T13:11:46.257170,2026-07-05T13:11:46.266478+00:00,145.7,90,bid,EarnestEspressos,DiligentDonuts,8344950
2026-07-05T13:11:46.326339,2026-07-05T13:11:46.335463+00:00,145.9,11,ask,EarnestEspressos,Xuanyu Liu,8344953
2026-07-05T13:11:46.842487,2026-07-05T13:11:46.851353+00:00,145.9,12,ask,EarnestEspressos,Xuanyu Liu,8344961
2026-07-05T13:11:47.647250,2026-07-05T13:11:47.658570+00:00,145.9,37,ask,EarnestEspressos,CostlyCorianders,8344975
2026-07-05T13:11:47.647250,2026-07-05T13:11:47.658570+00:00,145.5,4,ask,DiligentDonuts,CostlyCorianders,8344976
2026-07-05T13:11:48.038358,2026-07-05T13:11:48.049759+00:00,145.5,50,ask,DiligentDonuts,FlawlessFlatbreads,8344979
2026-07-05T13:11:48.652580,2026-07-05T13:11:48.668910+00:00,146.0,48,bid,CostlyCorianders,DiligentDonuts,8344991
2026-07-05T13:11:50.000278,2026-07-05T13:11:50.011715+00:00,145.9,4,bid,Aaron Tian,EarnestEspressos,8345004
2026-07-05T13:11:50.145392,2026-07-05T13:11:50.154423+00:00,145.5,46,ask,DiligentDonuts,FlawlessFlatbreads,8345005
2026-07-05T13:11:50.145392,2026-07-05T13:11:50.154423+00:00,145.4,4,ask,EarnestEspressos,FlawlessFlatbreads,8345006
2026-07-05T13:11:52.253348,2026-07-05T13:11:52.265120+00:00,145.4,50,ask,EarnestEspressos,FlawlessFlatbreads,8345033
2026-07-05T13:11:52.659596,2026-07-05T13:11:52.668099+00:00,145.6,23,bid,Xuanyu Liu,EarnestEspressos,8345040
2026-07-05T13:11:52.790286,2026-07-05T13:11:52.801750+00:00,145.4,44,ask,DiligentDonuts,CostlyCorianders,8345043
2026-07-05T13:11:53.272748,2026-07-05T13:11:53.284497+00:00,145.6,4,bid,Aaron Tian,EarnestEspressos,8345049
2026-07-05T13:11:53.316459,2026-07-05T13:11:53.328253+00:00,145.6,41,bid,CostlyCorianders,EarnestEspressos,8345050
2026-07-05T13:11:54.361111,2026-07-05T13:11:54.370622+00:00,145.2,50,ask,DiligentDonuts,FlawlessFlatbreads,8345060
2026-07-05T13:11:56.482405,2026-07-05T13:11:56.495696+00:00,145.3,50,ask,EarnestEspressos,FlawlessFlatbreads,8345088
2026-07-05T13:11:56.527140,2026-07-05T13:11:56.538471+00:00,145.7,4,bid,Aaron Tian,DiligentDonuts,8345089
2026-07-05T13:11:57.149141,2026-07-05T13:11:57.158564+00:00,145.5,48,bid,CostlyCorianders,DiligentDonuts,8345092
2026-07-05T13:11:57.612646,2026-07-05T13:11:57.624401+00:00,145.3,40,ask,EarnestEspressos,CostlyCorianders,8345102
2026-07-05T13:11:58.588678,2026-07-05T13:11:58.600279+00:00,145.3,50,ask,EarnestEspressos,FlawlessFlatbreads,8345113
2026-07-05T13:11:59.009750,2026-07-05T13:11:59.018877+00:00,145.2,34,bid,Xuanyu Liu,EarnestEspressos,8345122
2026-07-05T13:12:02.243203,2026-07-05T13:12:02.254855+00:00,145.1,47,ask,DiligentDonuts,CostlyCorianders,8345161
2026-07-05T13:12:02.572190,2026-07-05T13:12:02.580256+00:00,145.2,6,bid,Xuanyu Liu,EarnestEspressos,8345164
2026-07-05T13:12:02.750874,2026-07-05T13:12:02.752676+00:00,145.2,50,bid,FlawlessFlatbreads,EarnestEspressos,8345167
2026-07-05T13:12:02.863394,2026-07-05T13:12:02.871475+00:00,145.2,46,bid,CostlyCorianders,EarnestEspressos,8345171
2026-07-05T13:12:03.511180,2026-07-05T13:12:03.523119+00:00,145.1,41,ask,DiligentDonuts,CostlyCorianders,8345184
2026-07-05T13:12:04.123693,2026-07-05T13:12:04.135240+00:00,145.2,41,bid,CostlyCorianders,EarnestEspressos,8345192
2026-07-05T13:12:04.857035,2026-07-05T13:12:04.868746+00:00,145.2,7,bid,FlawlessFlatbreads,EarnestEspressos,8345204
2026-07-05T13:12:04.857035,2026-07-05T13:12:04.868746+00:00,145.6,43,bid,FlawlessFlatbreads,DiligentDonuts,8345205
2026-07-05T13:12:05.268418,2026-07-05T13:12:05.280151+00:00,145.6,57,bid,EarnestEspressos,DiligentDonuts,8345214
2026-07-05T13:12:05.333180,2026-07-05T13:12:05.341265+00:00,145.6,17,ask,EarnestEspressos,Xuanyu Liu,8345215
2026-07-05T13:12:07.039921,2026-07-05T13:12:07.051689+00:00,145.6,50,ask,EarnestEspressos,FlawlessFlatbreads,8345243
2026-07-05T13:12:07.812688,2026-07-05T13:12:07.821020+00:00,145.6,12,ask,EarnestEspressos,Xuanyu Liu,8345250
2026-07-05T13:12:08.484406,2026-07-05T13:12:08.492085+00:00,145.4,100,ask,DiligentDonuts,EarnestEspressos,8345260
2026-07-05T13:12:09.114618,2026-07-05T13:12:09.125651+00:00,145.4,29,bid,Xuanyu Liu,EarnestEspressos,8345271
2026-07-05T13:12:09.151213,2026-07-05T13:12:09.163126+00:00,144.9,50,ask,EarnestEspressos,FlawlessFlatbreads,8345273
2026-07-05T13:12:11.206390,2026-07-05T13:12:11.218132+00:00,145.4,21,bid,FlawlessFlatbreads,EarnestEspressos,8345299
2026-07-05T13:12:11.206390,2026-07-05T13:12:11.218132+00:00,145.7,29,bid,FlawlessFlatbreads,DiligentDonuts,8345300
2026-07-05T13:12:11.674381,2026-07-05T13:12:11.760818+00:00,145.4,6,ask,EarnestEspressos,Xuanyu Liu,8345306
2026-07-05T13:12:15.429817,2026-07-05T13:12:15.441306+00:00,145.3,46,ask,EarnestEspressos,CostlyCorianders,8345345
2026-07-05T13:12:16.080408,2026-07-05T13:12:16.092142+00:00,145.5,41,bid,CostlyCorianders,DiligentDonuts,8345350
2026-07-05T13:12:17.523919,2026-07-05T13:12:17.535898+00:00,145.5,50,bid,FlawlessFlatbreads,DiligentDonuts,8345369
2026-07-05T13:12:19.631274,2026-07-05T13:12:19.642930+00:00,145.7,50,bid,FlawlessFlatbreads,EarnestEspressos,8345400
2026-07-05T13:12:20.090120,2026-07-05T13:12:20.100415+00:00,145.4,48,ask,DiligentDonuts,CostlyCorianders,8345409
2026-07-05T13:12:21.740449,2026-07-05T13:12:21.752114+00:00,145.9,50,bid,FlawlessFlatbreads,DiligentDonuts,8345422
2026-07-05T13:12:22.260499,2026-07-05T13:12:22.269697+00:00,145.4,43,ask,EarnestEspressos,CostlyCorianders,8345430
2026-07-05T13:12:23.852507,2026-07-05T13:12:23.864114+00:00,145.9,50,bid,FlawlessFlatbreads,EarnestEspressos,8345453
2026-07-05T13:12:25.959146,2026-07-05T13:12:25.970647+00:00,145.8,50,bid,FlawlessFlatbreads,EarnestEspressos,8345491
2026-07-05T13:12:26.365225,2026-07-05T13:12:26.379554+00:00,145.8,47,bid,CostlyCorianders,EarnestEspressos,8345499
2026-07-05T13:12:26.922137,2026-07-05T13:12:26.934026+00:00,145.4,47,ask,EarnestEspressos,CostlyCorianders,8345507
2026-07-05T13:12:27.442378,2026-07-05T13:12:27.453169+00:00,145.7,23,ask,EarnestEspressos,Xuanyu Liu,8345520
2026-07-05T13:12:28.065940,2026-07-05T13:12:28.077740+00:00,145.9,50,bid,FlawlessFlatbreads,DiligentDonuts,8345531
2026-07-05T13:12:28.939113,2026-07-05T13:12:28.950677+00:00,146.2,41,bid,CostlyCorianders,EarnestEspressos,8345545
2026-07-05T13:12:30.173176,2026-07-05T13:12:30.185101+00:00,146.2,50,bid,FlawlessFlatbreads,EarnestEspressos,8345567
2026-07-05T13:12:30.609656,2026-07-05T13:12:30.618848+00:00,146.0,34,ask,EarnestEspressos,Xuanyu Liu,8345574
2026-07-05T13:12:32.520593,2026-07-05T13:12:32.532967+00:00,146.2,45,bid,CostlyCorianders,DiligentDonuts,8345596
2026-07-05T13:12:34.386952,2026-07-05T13:12:34.394061+00:00,146.2,5,bid,FlawlessFlatbreads,DiligentDonuts,8345623
2026-07-05T13:12:34.386952,2026-07-05T13:12:34.399431+00:00,146.3,45,bid,FlawlessFlatbreads,EarnestEspressos,8345624
2026-07-05T13:12:34.405940,2026-07-05T13:12:34.417319+00:00,145.8,42,ask,EarnestEspressos,CostlyCorianders,8345625
2026-07-05T13:12:36.494117,2026-07-05T13:12:36.505772+00:00,146.3,50,bid,FlawlessFlatbreads,EarnestEspressos,8345655
2026-07-05T13:12:38.034323,2026-07-05T13:12:38.041732+00:00,145.9,41,ask,EarnestEspressos,CostlyCorianders,8345678
2026-07-05T13:12:40.166765,2026-07-05T13:12:40.178193+00:00,146.4,45,bid,CostlyCorianders,DiligentDonuts,8345705
2026-07-05T13:12:40.220255,2026-07-05T13:12:40.231851+00:00,146.1,45,ask,EarnestEspressos,CostlyCorianders,8345706
2026-07-05T13:12:40.713166,2026-07-05T13:12:40.724586+00:00,146.4,50,bid,FlawlessFlatbreads,DiligentDonuts,8345714
2026-07-05T13:12:40.796474,2026-07-05T13:12:40.808429+00:00,146.1,44,ask,EarnestEspressos,CostlyCorianders,8345718
2026-07-05T13:12:41.249876,2026-07-05T13:12:41.264140+00:00,146.3,23,ask,DiligentDonuts,Xuanyu Liu,8345724
2026-07-05T13:12:41.360837,2026-07-05T13:12:41.372227+00:00,146.6,45,bid,CostlyCorianders,EarnestEspressos,8345729
2026-07-05T13:12:43.303379,2026-07-05T13:12:43.315117+00:00,146.3,77,ask,DiligentDonuts,EarnestEspressos,8345752
2026-07-05T13:12:43.591758,2026-07-05T13:12:43.603393+00:00,146.3,41,bid,CostlyCorianders,EarnestEspressos,8345757
2026-07-05T13:12:44.664950,2026-07-05T13:12:44.676675+00:00,146.0,40,ask,DiligentDonuts,CostlyCorianders,8345774
2026-07-05T13:12:44.934708,2026-07-05T13:12:44.946075+00:00,146.3,32,bid,FlawlessFlatbreads,EarnestEspressos,8345779
2026-07-05T13:12:46.411763,2026-07-05T13:12:46.423411+00:00,146.5,100,bid,EarnestEspressos,DiligentDonuts,8345809
2026-07-05T13:12:46.477135,2026-07-05T13:12:46.485514+00:00,146.6,11,ask,EarnestEspressos,Xuanyu Liu,8345810
2026-07-05T13:12:47.159500,2026-07-05T13:12:47.168366+00:00,146.6,3,ask,EarnestEspressos,Xuanyu Liu,8345819
2026-07-05T13:12:48.386799,2026-07-05T13:12:48.398694+00:00,146.6,36,ask,EarnestEspressos,CostlyCorianders,8345840
2026-07-05T13:12:48.386799,2026-07-05T13:12:48.398694+00:00,146.2,11,ask,DiligentDonuts,CostlyCorianders,8345841
2026-07-05T13:12:49.202003,2026-07-05T13:12:49.224627+00:00,146.2,50,ask,DiligentDonuts,FlawlessFlatbreads,8345860
2026-07-05T13:12:49.781185,2026-07-05T13:12:49.789665+00:00,146.6,3,bid,Xuanyu Liu,EarnestEspressos,8345876
2026-07-05T13:12:51.114369,2026-07-05T13:12:51.125988+00:00,146.6,40,bid,CostlyCorianders,EarnestEspressos,8345896
2026-07-05T13:12:51.308150,2026-07-05T13:12:51.319682+00:00,146.3,50,ask,DiligentDonuts,FlawlessFlatbreads,8345897
2026-07-05T13:12:52.400114,2026-07-05T13:12:52.409140+00:00,146.6,11,bid,Xuanyu Liu,EarnestEspressos,8345919
2026-07-05T13:12:53.415526,2026-07-05T13:12:53.423858+00:00,146.5,50,ask,EarnestEspressos,FlawlessFlatbreads,8345933
2026-07-05T13:12:54.602720,2026-07-05T13:12:54.610232+00:00,146.6,12,bid,Xuanyu Liu,DiligentDonuts,8345952
2026-07-05T13:12:54.904488,2026-07-05T13:12:54.916203+00:00,146.6,48,bid,CostlyCorianders,DiligentDonuts,8345954
2026-07-05T13:12:55.022979,2026-07-05T13:12:55.031766+00:00,146.6,11,bid,Xuanyu Liu,DiligentDonuts,8345958
2026-07-05T13:12:55.471114,2026-07-05T13:12:55.482952+00:00,146.6,29,bid,FlawlessFlatbreads,DiligentDonuts,8345968
2026-07-05T13:12:57.764613,2026-07-05T13:12:57.776206+00:00,146.6,49,ask,DiligentDonuts,CostlyCorianders,8345993
2026-07-05T13:12:59.696552,2026-07-05T13:12:59.708038+00:00,146.9,50,bid,FlawlessFlatbreads,EarnestEspressos,8346022
2026-07-05T13:13:00.225255,2026-07-05T13:13:00.237102+00:00,146.9,100,bid,DiligentDonuts,EarnestEspressos,8346029
2026-07-05T13:13:01.265704,2026-07-05T13:13:01.274018+00:00,147.6,49,bid,CostlyCorianders,DiligentDonuts,8346042
2026-07-05T13:13:01.803975,2026-07-05T13:13:01.815729+00:00,147.6,50,bid,FlawlessFlatbreads,DiligentDonuts,8346052
2026-07-05T13:13:02.233331,2026-07-05T13:13:02.245251+00:00,147.3,34,ask,EarnestEspressos,Xuanyu Liu,8346054
2026-07-05T13:13:02.936733,2026-07-05T13:13:02.948300+00:00,147.3,43,ask,EarnestEspressos,CostlyCorianders,8346068
2026-07-05T13:13:03.439296,2026-07-05T13:13:03.458554+00:00,147.3,73,ask,EarnestEspressos,DiligentDonuts,8346072
2026-07-05T13:13:07.245738,2026-07-05T13:13:07.257377+00:00,147.0,47,ask,DiligentDonuts,CostlyCorianders,8346137
2026-07-05T13:13:07.316209,2026-07-05T13:13:07.324533+00:00,147.2,11,bid,Xuanyu Liu,EarnestEspressos,8346139
2026-07-05T13:13:08.143174,2026-07-05T13:13:08.150501+00:00,147.2,50,bid,FlawlessFlatbreads,EarnestEspressos,8346158
2026-07-05T13:13:10.304332,2026-07-05T13:13:10.316008+00:00,147.4,42,bid,CostlyCorianders,DiligentDonuts,8346192
2026-07-05T13:13:10.976104,2026-07-05T13:13:10.994600+00:00,147.1,49,ask,EarnestEspressos,CostlyCorianders,8346211
2026-07-05T13:13:12.407309,2026-07-05T13:13:12.413974+00:00,147.3,50,ask,EarnestEspressos,FlawlessFlatbreads,8346232
2026-07-05T13:13:14.513661,2026-07-05T13:13:14.521358+00:00,147.3,50,ask,EarnestEspressos,FlawlessFlatbreads,8346258
2026-07-05T13:13:14.918453,2026-07-05T13:13:14.941795+00:00,147.2,100,ask,DiligentDonuts,EarnestEspressos,8346265
2026-07-05T13:13:14.933277,2026-07-05T13:13:14.941795+00:00,147.2,23,bid,Xuanyu Liu,EarnestEspressos,8346267
2026-07-05T13:13:15.206902,2026-07-05T13:13:15.217391+00:00,147.2,27,bid,CostlyCorianders,EarnestEspressos,8346269
2026-07-05T13:13:15.206902,2026-07-05T13:13:15.217391+00:00,147.7,16,bid,CostlyCorianders,DiligentDonuts,8346270
2026-07-05T13:13:15.858370,2026-07-05T13:13:15.869896+00:00,147.7,41,bid,CostlyCorianders,DiligentDonuts,8346279
2026-07-05T13:13:16.621222,2026-07-05T13:13:16.633055+00:00,147.1,50,ask,DiligentDonuts,FlawlessFlatbreads,8346293
2026-07-05T13:13:18.729393,2026-07-05T13:13:18.741265+00:00,147.3,50,ask,EarnestEspressos,FlawlessFlatbreads,8346319
2026-07-05T13:13:19.062056,2026-07-05T13:13:19.073886+00:00,147.6,43,bid,CostlyCorianders,DiligentDonuts,8346322
2026-07-05T13:13:19.117418,2026-07-05T13:13:19.129385+00:00,147.3,42,ask,EarnestEspressos,CostlyCorianders,8346323
2026-07-05T13:13:19.642648,2026-07-05T13:13:19.658595+00:00,147.3,44,ask,EarnestEspressos,CostlyCorianders,8346327
2026-07-05T13:13:20.837619,2026-07-05T13:13:20.849063+00:00,147.3,14,ask,EarnestEspressos,FlawlessFlatbreads,8346345
2026-07-05T13:13:20.837619,2026-07-05T13:13:20.849063+00:00,147.1,36,ask,DiligentDonuts,FlawlessFlatbreads,8346346
2026-07-05T13:13:22.601523,2026-07-05T13:13:22.609892+00:00,147.2,23,bid,Xuanyu Liu,EarnestEspressos,8346385
2026-07-05T13:13:22.894244,2026-07-05T13:13:22.904648+00:00,147.2,50,bid,FlawlessFlatbreads,EarnestEspressos,8346389
2026-07-05T13:13:25.000480,2026-07-05T13:13:25.012071+00:00,147.5,50,bid,FlawlessFlatbreads,DiligentDonuts,8346413
2026-07-05T13:13:26.828179,2026-07-05T13:13:26.837123+00:00,147.3,11,ask,DiligentDonuts,Xuanyu Liu,8346441
2026-07-05T13:13:27.065225,2026-07-05T13:13:27.074580+00:00,147.7,43,bid,CostlyCorianders,EarnestEspressos,8346447
2026-07-05T13:13:27.108624,2026-07-05T13:13:27.118623+00:00,147.7,50,bid,FlawlessFlatbreads,EarnestEspressos,8346449
2026-07-05T13:13:27.559644,2026-07-05T13:13:27.569428+00:00,147.4,12,ask,EarnestEspressos,Xuanyu Liu,8346457
2026-07-05T13:13:28.151683,2026-07-05T13:13:28.158215+00:00,147.4,47,ask,EarnestEspressos,CostlyCorianders,8346468
2026-07-05T13:13:29.215342,2026-07-05T13:13:29.227088+00:00,147.8,50,bid,FlawlessFlatbreads,DiligentDonuts,8346485
2026-07-05T13:13:29.244428,2026-07-05T13:13:29.254235+00:00,147.4,11,ask,EarnestEspressos,Xuanyu Liu,8346488
