timestamp,recv_time,price,volume,aggressor_side,buyer,seller,trade_id
2026-07-13T23:00:00.647531,2026-07-13T23:00:00.651135+00:00,82.7,3,ask,EarnestEspressos,Xuanyu Liu,1929885
2026-07-13T23:00:00.697921,2026-07-13T23:00:00.697111+00:00,82.7,100,ask,EarnestEspressos,DiligentDonuts,1929886
2026-07-13T23:00:00.714164,2026-07-13T23:00:00.697111+00:00,82.7,6,ask,EarnestEspressos,CostlyCorianders,1929888
2026-07-13T23:00:00.731169,2026-07-13T23:00:00.744320+00:00,82.8,4,bid,CostlyCorianders,Kelvin Chan,1929889
2026-07-13T23:00:00.731169,2026-07-13T23:00:00.744320+00:00,83.0,36,bid,CostlyCorianders,Andy Garg,1929890
2026-07-13T23:00:00.938895,2026-07-13T23:00:00.934578+00:00,83.1,50,bid,FlawlessFlatbreads,Andy Garg,1929899
2026-07-13T23:00:00.996621,2026-07-13T23:00:01.005232+00:00,82.6,50,ask,Andy Garg,EarnestEspressos,1929900
2026-07-13T23:00:01.001460,2026-07-13T23:00:01.005232+00:00,82.3,24,bid,Xuanyu Liu,EarnestEspressos,1929901
2026-07-13T23:00:01.070067,2026-07-13T23:00:01.080861+00:00,82.3,50,bid,Andy Garg,EarnestEspressos,1929902
2026-07-13T23:00:01.484795,2026-07-13T23:00:01.490037+00:00,82.3,26,bid,Andy Garg,EarnestEspressos,1929910
2026-07-13T23:00:03.046294,2026-07-13T23:00:03.048321+00:00,82.8,7,bid,FlawlessFlatbreads,Kelvin Chan,1929949
2026-07-13T23:00:03.046294,2026-07-13T23:00:03.058924+00:00,83.0,43,bid,FlawlessFlatbreads,Andy Garg,1929950
2026-07-13T23:00:04.255620,2026-07-13T23:00:04.259238+00:00,82.5,10,ask,Andy Garg,Xuanyu Liu,1929973
2026-07-13T23:00:05.153169,2026-07-13T23:00:05.161141+00:00,82.8,4,bid,FlawlessFlatbreads,Kelvin Chan,1929993
2026-07-13T23:00:05.153169,2026-07-13T23:00:05.161141+00:00,82.8,46,bid,FlawlessFlatbreads,DiligentDonuts,1929994
2026-07-13T23:00:05.899558,2026-07-13T23:00:05.911927+00:00,82.8,8,bid,Andy Garg,DiligentDonuts,1930007
2026-07-13T23:00:06.502595,2026-07-13T23:00:06.512822+00:00,82.8,41,bid,CostlyCorianders,DiligentDonuts,1930017
2026-07-13T23:00:06.540828,2026-07-13T23:00:06.545320+00:00,82.8,5,bid,Andy Garg,DiligentDonuts,1930018
2026-07-13T23:00:06.979690,2026-07-13T23:00:06.983666+00:00,82.8,11,ask,DiligentDonuts,Xuanyu Liu,1930024
2026-07-13T23:00:07.191914,2026-07-13T23:00:07.195722+00:00,82.8,3,ask,DiligentDonuts,Xuanyu Liu,1930034
2026-07-13T23:00:07.313200,2026-07-13T23:00:07.323928+00:00,82.8,50,ask,DiligentDonuts,FlawlessFlatbreads,1930037
2026-07-13T23:00:08.662750,2026-07-13T23:00:08.675476+00:00,83.0,46,bid,CostlyCorianders,EarnestEspressos,1930072
2026-07-13T23:00:09.311727,2026-07-13T23:00:09.317733+00:00,82.8,36,ask,DiligentDonuts,CostlyCorianders,1930090
2026-07-13T23:00:09.311727,2026-07-13T23:00:09.328550+00:00,82.6,11,ask,Andy Garg,CostlyCorianders,1930091
2026-07-13T23:00:09.453402,2026-07-13T23:00:09.457822+00:00,82.6,19,ask,Andy Garg,FlawlessFlatbreads,1930095
2026-07-13T23:00:09.453402,2026-07-13T23:00:09.457822+00:00,82.5,31,ask,EarnestEspressos,FlawlessFlatbreads,1930096
2026-07-13T23:00:09.904068,2026-07-13T23:00:09.906157+00:00,82.5,48,ask,EarnestEspressos,CostlyCorianders,1930104
2026-07-13T23:00:11.562289,2026-07-13T23:00:11.564849+00:00,82.4,50,ask,DiligentDonuts,FlawlessFlatbreads,1930137
2026-07-13T23:00:12.059698,2026-07-13T23:00:12.067404+00:00,82.8,5,bid,CostlyCorianders,Kelvin Chan,1930150
2026-07-13T23:00:12.059698,2026-07-13T23:00:12.067404+00:00,82.9,37,bid,CostlyCorianders,DiligentDonuts,1930151
2026-07-13T23:00:12.566614,2026-07-13T23:00:12.569389+00:00,82.4,41,ask,DiligentDonuts,CostlyCorianders,1930162
2026-07-13T23:00:13.683806,2026-07-13T23:00:13.686963+00:00,82.4,50,ask,EarnestEspressos,FlawlessFlatbreads,1930177
2026-07-13T23:00:14.409487,2026-07-13T23:00:14.419407+00:00,82.7,5,bid,Andy Garg,DiligentDonuts,1930188
2026-07-13T23:00:15.738908,2026-07-13T23:00:15.748277+00:00,82.7,50,bid,FlawlessFlatbreads,DiligentDonuts,1930215
2026-07-13T23:00:16.367452,2026-07-13T23:00:16.382672+00:00,82.7,24,bid,Xuanyu Liu,DiligentDonuts,1930237
2026-07-13T23:00:16.804662,2026-07-13T23:00:16.811078+00:00,82.7,100,ask,DiligentDonuts,EarnestEspressos,1930251
2026-07-13T23:00:17.903587,2026-07-13T23:00:17.909276+00:00,82.2,50,ask,EarnestEspressos,FlawlessFlatbreads,1930270
2026-07-13T23:00:19.446337,2026-07-13T23:00:19.451376+00:00,82.7,44,bid,CostlyCorianders,EarnestEspressos,1930290
2026-07-13T23:00:19.917304,2026-07-13T23:00:19.929589+00:00,82.7,100,bid,EarnestEspressos,DiligentDonuts,1930297
2026-07-13T23:00:19.925330,2026-07-13T23:00:19.929589+00:00,82.7,10,ask,EarnestEspressos,Xuanyu Liu,1930298
2026-07-13T23:00:19.957542,2026-07-13T23:00:19.962674+00:00,82.8,4,bid,FlawlessFlatbreads,Kelvin Chan,1930299
2026-07-13T23:00:19.957542,2026-07-13T23:00:19.962674+00:00,83.1,46,bid,FlawlessFlatbreads,Andy Garg,1930300
2026-07-13T23:00:20.064955,2026-07-13T23:00:20.070847+00:00,82.7,40,ask,EarnestEspressos,CostlyCorianders,1930302
2026-07-13T23:00:20.064955,2026-07-13T23:00:20.070847+00:00,82.5,3,ask,Kelvin Chan,CostlyCorianders,1930303
2026-07-13T23:00:20.310737,2026-07-13T23:00:20.314579+00:00,82.6,14,ask,Andy Garg,Xuanyu Liu,1930314
2026-07-13T23:00:21.547745,2026-07-13T23:00:21.558774+00:00,82.8,4,bid,CostlyCorianders,Kelvin Chan,1930329
2026-07-13T23:00:21.547745,2026-07-13T23:00:21.558774+00:00,82.8,44,bid,CostlyCorianders,Andy Garg,1930330
2026-07-13T23:00:23.132001,2026-07-13T23:00:23.134850+00:00,82.5,1,ask,Kelvin Chan,EarnestEspressos,1930362
2026-07-13T23:00:23.132001,2026-07-13T23:00:23.134850+00:00,82.5,50,ask,Andy Garg,EarnestEspressos,1930363
2026-07-13T23:00:23.146299,2026-07-13T23:00:23.150124+00:00,82.3,14,bid,Xuanyu Liu,EarnestEspressos,1930364
2026-07-13T23:00:23.320405,2026-07-13T23:00:23.332513+00:00,82.2,13,ask,DiligentDonuts,Andy Garg,1930371
2026-07-13T23:00:23.328250,2026-07-13T23:00:23.332513+00:00,82.3,34,bid,Andy Garg,EarnestEspressos,1930372
2026-07-13T23:00:23.757735,2026-07-13T23:00:23.760988+00:00,82.2,46,ask,DiligentDonuts,CostlyCorianders,1930380
2026-07-13T23:00:23.856335,2026-07-13T23:00:23.858466+00:00,82.3,2,bid,Kelvin Chan,EarnestEspressos,1930383
2026-07-13T23:00:26.338606,2026-07-13T23:00:26.349929+00:00,82.2,50,ask,EarnestEspressos,FlawlessFlatbreads,1930418
2026-07-13T23:00:28.174180,2026-07-13T23:00:28.195586+00:00,82.5,10,bid,Xuanyu Liu,DiligentDonuts,1930449
2026-07-13T23:00:28.392890,2026-07-13T23:00:28.404254+00:00,82.5,50,bid,FlawlessFlatbreads,DiligentDonuts,1930456
2026-07-13T23:00:28.966387,2026-07-13T23:00:28.973960+00:00,82.5,40,bid,CostlyCorianders,DiligentDonuts,1930461
2026-07-13T23:00:28.966387,2026-07-13T23:00:28.973960+00:00,82.7,9,bid,CostlyCorianders,EarnestEspressos,1930462
2026-07-13T23:00:29.098130,2026-07-13T23:00:29.104788+00:00,82.7,100,bid,DiligentDonuts,EarnestEspressos,1930464
2026-07-13T23:00:29.412152,2026-07-13T23:00:29.415650+00:00,82.7,10,ask,EarnestEspressos,Xuanyu Liu,1930471
2026-07-13T23:00:29.492730,2026-07-13T23:00:29.496206+00:00,82.7,14,ask,EarnestEspressos,Xuanyu Liu,1930473
2026-07-13T23:00:30.558529,2026-07-13T23:00:30.569204+00:00,82.7,50,ask,EarnestEspressos,FlawlessFlatbreads,1930493
2026-07-13T23:00:32.311154,2026-07-13T23:00:32.317434+00:00,82.7,76,ask,EarnestEspressos,DiligentDonuts,1930521
2026-07-13T23:00:32.627971,2026-07-13T23:00:32.632106+00:00,82.4,14,bid,Xuanyu Liu,EarnestEspressos,1930528
2026-07-13T23:00:32.664944,2026-07-13T23:00:32.675165+00:00,82.2,50,ask,DiligentDonuts,FlawlessFlatbreads,1930529
2026-07-13T23:00:34.258826,2026-07-13T23:00:34.262680+00:00,82.4,10,bid,Xuanyu Liu,EarnestEspressos,1930554
2026-07-13T23:00:34.776075,2026-07-13T23:00:34.786580+00:00,82.3,6,ask,Sze-Yong Ng,FlawlessFlatbreads,1930558
2026-07-13T23:00:34.776075,2026-07-13T23:00:34.786580+00:00,82.2,44,ask,DiligentDonuts,FlawlessFlatbreads,1930559
2026-07-13T23:00:34.937397,2026-07-13T23:00:34.947809+00:00,82.4,5,bid,Kelvin Chan,EarnestEspressos,1930562
2026-07-13T23:00:36.391871,2026-07-13T23:00:36.396178+00:00,82.6,5,bid,Kelvin Chan,EarnestEspressos,1930589
2026-07-13T23:00:36.887030,2026-07-13T23:00:36.891288+00:00,82.2,50,ask,DiligentDonuts,FlawlessFlatbreads,1930598
2026-07-13T23:00:37.968866,2026-07-13T23:00:37.976645+00:00,82.6,5,bid,Kelvin Chan,EarnestEspressos,1930619
2026-07-13T23:00:38.180171,2026-07-13T23:00:38.182349+00:00,82.6,5,bid,Kelvin Chan,EarnestEspressos,1930622
2026-07-13T23:00:39.985115,2026-07-13T23:00:39.988826+00:00,82.6,11,bid,Xuanyu Liu,DiligentDonuts,1930670
2026-07-13T23:00:40.440749,2026-07-13T23:00:40.445050+00:00,82.6,41,bid,CostlyCorianders,DiligentDonuts,1930679
2026-07-13T23:00:41.054975,2026-07-13T23:00:41.058861+00:00,82.6,48,bid,FlawlessFlatbreads,DiligentDonuts,1930689
2026-07-13T23:00:41.054975,2026-07-13T23:00:41.058861+00:00,82.7,2,bid,FlawlessFlatbreads,EarnestEspressos,1930690
2026-07-13T23:00:42.612494,2026-07-13T23:00:42.616494+00:00,82.4,11,ask,DiligentDonuts,Xuanyu Liu,1930726
2026-07-13T23:00:43.162579,2026-07-13T23:00:43.170089+00:00,82.8,4,bid,FlawlessFlatbreads,Kelvin Chan,1930745
2026-07-13T23:00:43.162579,2026-07-13T23:00:43.170089+00:00,82.8,46,bid,FlawlessFlatbreads,EarnestEspressos,1930746
2026-07-13T23:00:45.241738,2026-07-13T23:00:45.245206+00:00,82.5,3,ask,Kelvin Chan,Xuanyu Liu,1930784
2026-07-13T23:00:45.328733,2026-07-13T23:00:45.332828+00:00,82.4,50,ask,EarnestEspressos,FlawlessFlatbreads,1930790
2026-07-13T23:00:46.154893,2026-07-13T23:00:46.158118+00:00,82.5,3,ask,Kelvin Chan,Xuanyu Liu,1930798
2026-07-13T23:00:46.551442,2026-07-13T23:00:46.556588+00:00,82.4,4,ask,EarnestEspressos,Xuanyu Liu,1930812
2026-07-13T23:00:47.382899,2026-07-13T23:00:47.387707+00:00,82.8,50,bid,FlawlessFlatbreads,DiligentDonuts,1930828
2026-07-13T23:00:49.490281,2026-07-13T23:00:49.492426+00:00,82.6,50,bid,FlawlessFlatbreads,EarnestEspressos,1930884
2026-07-13T23:00:49.650110,2026-07-13T23:00:49.661854+00:00,82.4,44,ask,DiligentDonuts,CostlyCorianders,1930887
2026-07-13T23:00:50.204050,2026-07-13T23:00:50.216328+00:00,82.4,49,ask,DiligentDonuts,CostlyCorianders,1930905
2026-07-13T23:00:51.596419,2026-07-13T23:00:51.602903+00:00,82.6,50,bid,FlawlessFlatbreads,DiligentDonuts,1930932
2026-07-13T23:00:53.704088,2026-07-13T23:00:53.714745+00:00,82.6,50,bid,FlawlessFlatbreads,DiligentDonuts,1930968
2026-07-13T23:00:54.047865,2026-07-13T23:00:54.060584+00:00,82.8,3,bid,CostlyCorianders,Kelvin Chan,1930970
2026-07-13T23:00:54.047865,2026-07-13T23:00:54.060584+00:00,82.8,45,bid,CostlyCorianders,EarnestEspressos,1930971
2026-07-13T23:00:55.596883,2026-07-13T23:00:55.607876+00:00,82.7,5,bid,CostlyCorianders,Kelvin Chan,1930995
2026-07-13T23:00:55.596883,2026-07-13T23:00:55.607876+00:00,82.9,40,bid,CostlyCorianders,DiligentDonuts,1930996
2026-07-13T23:00:55.809536,2026-07-13T23:00:55.817042+00:00,82.8,5,bid,FlawlessFlatbreads,Kelvin Chan,1931003
2026-07-13T23:00:55.809536,2026-07-13T23:00:55.817042+00:00,82.9,45,bid,FlawlessFlatbreads,DiligentDonuts,1931004
2026-07-13T23:00:57.563880,2026-07-13T23:00:57.577396+00:00,82.8,4,bid,DiligentDonuts,Kelvin Chan,1931036
2026-07-13T23:00:57.573041,2026-07-13T23:00:57.577396+00:00,82.8,11,ask,DiligentDonuts,Xuanyu Liu,1931037
2026-07-13T23:00:58.083326,2026-07-13T23:00:58.091321+00:00,82.8,6,ask,DiligentDonuts,Kelvin Chan,1931046
2026-07-13T23:00:58.174191,2026-07-13T23:00:58.178680+00:00,82.8,6,ask,DiligentDonuts,Kelvin Chan,1931052
2026-07-13T23:00:58.519973,2026-07-13T23:00:58.532837+00:00,82.8,47,ask,DiligentDonuts,CostlyCorianders,1931069
2026-07-13T23:01:00.025825,2026-07-13T23:01:00.039041+00:00,83.1,50,bid,FlawlessFlatbreads,Andy Garg,1931100
2026-07-13T23:01:00.964893,2026-07-13T23:01:00.968818+00:00,82.7,3,ask,Andy Garg,Xuanyu Liu,1931127
2026-07-13T23:01:01.349051,2026-07-13T23:01:01.361519+00:00,82.9,4,bid,CostlyCorianders,Kelvin Chan,1931131
2026-07-13T23:01:01.349051,2026-07-13T23:01:01.361519+00:00,82.9,41,bid,CostlyCorianders,EarnestEspressos,1931132
2026-07-13T23:01:02.132428,2026-07-13T23:01:02.134625+00:00,82.9,50,bid,FlawlessFlatbreads,EarnestEspressos,1931141
2026-07-13T23:01:04.239238,2026-07-13T23:01:04.244765+00:00,82.9,4,bid,FlawlessFlatbreads,Kelvin Chan,1931187
2026-07-13T23:01:04.239238,2026-07-13T23:01:04.244765+00:00,82.9,46,bid,FlawlessFlatbreads,DiligentDonuts,1931188
2026-07-13T23:01:04.246305,2026-07-13T23:01:04.255785+00:00,82.8,14,ask,EarnestEspressos,Sze-Yong Ng,1931189
2026-07-13T23:01:05.944025,2026-07-13T23:01:05.955433+00:00,82.8,46,ask,EarnestEspressos,CostlyCorianders,1931221
2026-07-13T23:01:06.350001,2026-07-13T23:01:06.352485+00:00,82.9,50,bid,FlawlessFlatbreads,DiligentDonuts,1931228
2026-07-13T23:01:06.902626,2026-07-13T23:01:06.918240+00:00,82.9,4,bid,CostlyCorianders,DiligentDonuts,1931231
2026-07-13T23:01:06.902626,2026-07-13T23:01:06.918240+00:00,82.9,4,bid,CostlyCorianders,Kelvin Chan,1931232
2026-07-13T23:01:08.506678,2026-07-13T23:01:08.515735+00:00,82.9,50,ask,DiligentDonuts,FlawlessFlatbreads,1931248
2026-07-13T23:01:12.723723,2026-07-13T23:01:12.735391+00:00,83.0,47,ask,Andy Garg,FlawlessFlatbreads,1931299
2026-07-13T23:01:12.723723,2026-07-13T23:01:12.735391+00:00,82.9,3,ask,DiligentDonuts,FlawlessFlatbreads,1931300
2026-07-13T23:01:14.781067,2026-07-13T23:01:14.792333+00:00,83.3,50,bid,FlawlessFlatbreads,DiligentDonuts,1931336
2026-07-13T23:01:14.792801,2026-07-13T23:01:14.803185+00:00,82.8,41,ask,DiligentDonuts,CostlyCorianders,1931338
2026-07-13T23:01:16.847667,2026-07-13T23:01:16.858397+00:00,83.1,45,ask,DiligentDonuts,CostlyCorianders,1931377
2026-07-13T23:01:17.087919,2026-07-13T23:01:17.096911+00:00,83.1,20,ask,DiligentDonuts,Andy Garg,1931388
2026-07-13T23:01:17.354779,2026-07-13T23:01:17.366619+00:00,83.3,42,bid,CostlyCorianders,Andy Garg,1931392
2026-07-13T23:01:18.295782,2026-07-13T23:01:18.301543+00:00,83.1,35,ask,DiligentDonuts,CostlyCorianders,1931411
2026-07-13T23:01:18.295782,2026-07-13T23:01:18.301543+00:00,82.9,8,ask,EarnestEspressos,CostlyCorianders,1931412
2026-07-13T23:01:18.932766,2026-07-13T23:01:18.937504+00:00,83.3,8,bid,CostlyCorianders,Andy Garg,1931420
2026-07-13T23:01:18.932766,2026-07-13T23:01:18.937504+00:00,83.4,35,bid,CostlyCorianders,EarnestEspressos,1931421
2026-07-13T23:01:18.993841,2026-07-13T23:01:19.003340+00:00,83.4,50,bid,FlawlessFlatbreads,EarnestEspressos,1931422
2026-07-13T23:01:20.014007,2026-07-13T23:01:20.016785+00:00,83.1,100,bid,EarnestEspressos,DiligentDonuts,1931450
2026-07-13T23:01:20.092539,2026-07-13T23:01:20.104382+00:00,83.2,50,ask,EarnestEspressos,Sze-Yong Ng,1931453
2026-07-13T23:01:21.150336,2026-07-13T23:01:21.155686+00:00,82.7,50,ask,Andy Garg,FlawlessFlatbreads,1931478
2026-07-13T23:01:21.337450,2026-07-13T23:01:21.350660+00:00,83.5,6,bid,CostlyCorianders,Kelvin Chan,1931481
2026-07-13T23:01:21.337450,2026-07-13T23:01:21.350660+00:00,83.5,40,bid,CostlyCorianders,Andy Garg,1931482
2026-07-13T23:01:23.255760,2026-07-13T23:01:23.258145+00:00,83.0,50,ask,DiligentDonuts,FlawlessFlatbreads,1931526
2026-07-13T23:01:25.361246,2026-07-13T23:01:25.372011+00:00,83.0,50,ask,DiligentDonuts,FlawlessFlatbreads,1931568
2026-07-13T23:01:26.123487,2026-07-13T23:01:26.135746+00:00,83.1,1,ask,Kelvin Chan,DiligentDonuts,1931581
2026-07-13T23:01:26.167395,2026-07-13T23:01:26.178657+00:00,83.0,47,bid,CostlyCorianders,DiligentDonuts,1931585
2026-07-13T23:01:26.190668,2026-07-13T23:01:26.200198+00:00,83.0,1,bid,Kelvin Chan,DiligentDonuts,1931586
2026-07-13T23:01:26.239699,2026-07-13T23:01:26.242961+00:00,83.0,1,bid,Kelvin Chan,DiligentDonuts,1931587
2026-07-13T23:01:26.291152,2026-07-13T23:01:26.296590+00:00,83.0,1,bid,Kelvin Chan,DiligentDonuts,1931589
2026-07-13T23:01:26.323527,2026-07-13T23:01:26.329011+00:00,83.0,1,bid,Kelvin Chan,DiligentDonuts,1931592
2026-07-13T23:01:26.389017,2026-07-13T23:01:26.393082+00:00,83.0,1,bid,Kelvin Chan,DiligentDonuts,1931593
2026-07-13T23:01:26.666599,2026-07-13T23:01:26.671854+00:00,83.0,1,bid,Kelvin Chan,DiligentDonuts,1931598
2026-07-13T23:01:26.890622,2026-07-13T23:01:26.896646+00:00,83.0,1,bid,Kelvin Chan,DiligentDonuts,1931600
2026-07-13T23:01:26.965698,2026-07-13T23:01:26.978325+00:00,83.0,1,bid,Kelvin Chan,DiligentDonuts,1931606
2026-07-13T23:01:27.216524,2026-07-13T23:01:27.225137+00:00,83.0,1,bid,Kelvin Chan,DiligentDonuts,1931613
2026-07-13T23:01:27.262221,2026-07-13T23:01:27.268195+00:00,82.6,43,ask,Andy Garg,CostlyCorianders,1931614
2026-07-13T23:01:27.317533,2026-07-13T23:01:27.321632+00:00,83.0,1,bid,Kelvin Chan,DiligentDonuts,1931615
2026-07-13T23:01:27.342099,2026-07-13T23:01:27.353754+00:00,83.0,1,bid,Kelvin Chan,DiligentDonuts,1931616
2026-07-13T23:01:27.421637,2026-07-13T23:01:27.428691+00:00,83.0,1,bid,Kelvin Chan,DiligentDonuts,1931617
2026-07-13T23:01:27.488796,2026-07-13T23:01:27.493386+00:00,82.6,7,ask,Andy Garg,FlawlessFlatbreads,1931619
2026-07-13T23:01:27.488796,2026-07-13T23:01:27.493386+00:00,82.5,43,ask,DiligentDonuts,FlawlessFlatbreads,1931620
2026-07-13T23:01:29.597546,2026-07-13T23:01:29.604421+00:00,82.6,10,ask,Andy Garg,FlawlessFlatbreads,1931658
2026-07-13T23:01:29.597546,2026-07-13T23:01:29.604421+00:00,82.5,40,ask,DiligentDonuts,FlawlessFlatbreads,1931659
2026-07-13T23:01:29.801175,2026-07-13T23:01:29.817763+00:00,82.9,3,bid,Xuanyu Liu,EarnestEspressos,1931666
2026-07-13T23:01:29.971120,2026-07-13T23:01:29.976852+00:00,82.9,5,bid,Andy Garg,EarnestEspressos,1931678
2026-07-13T23:01:31.652697,2026-07-13T23:01:31.660958+00:00,82.9,50,bid,FlawlessFlatbreads,EarnestEspressos,1931715
2026-07-13T23:01:32.245123,2026-07-13T23:01:32.255434+00:00,82.9,40,bid,CostlyCorianders,EarnestEspressos,1931725
2026-07-13T23:01:32.676544,2026-07-13T23:01:32.680484+00:00,82.9,3,ask,EarnestEspressos,Xuanyu Liu,1931738
2026-07-13T23:01:32.815034,2026-07-13T23:01:32.819960+00:00,82.9,42,ask,EarnestEspressos,CostlyCorianders,1931739
2026-07-13T23:01:33.759977,2026-07-13T23:01:33.770798+00:00,83.0,50,bid,FlawlessFlatbreads,DiligentDonuts,1931762
2026-07-13T23:01:35.061586,2026-07-13T23:01:35.072940+00:00,82.9,50,ask,EarnestEspressos,Andy Garg,1931789
2026-07-13T23:01:35.065747,2026-07-13T23:01:35.072940+00:00,82.9,24,ask,EarnestEspressos,Sze-Yong Ng,1931790
2026-07-13T23:01:35.632829,2026-07-13T23:01:35.643380+00:00,82.9,31,ask,EarnestEspressos,DiligentDonuts,1931800
2026-07-13T23:01:35.865494,2026-07-13T23:01:35.868676+00:00,82.9,50,bid,FlawlessFlatbreads,DiligentDonuts,1931805
2026-07-13T23:01:35.878201,2026-07-13T23:01:35.890060+00:00,82.8,1,ask,Kelvin Chan,EarnestEspressos,1931806
2026-07-13T23:01:35.878201,2026-07-13T23:01:35.890060+00:00,82.6,45,ask,Andy Garg,EarnestEspressos,1931807
2026-07-13T23:01:36.505879,2026-07-13T23:01:36.517738+00:00,82.5,44,ask,Sze-Yong Ng,CostlyCorianders,1931818
2026-07-13T23:01:37.496489,2026-07-13T23:01:37.502824+00:00,82.4,46,ask,DiligentDonuts,CostlyCorianders,1931843
2026-07-13T23:01:37.972977,2026-07-13T23:01:37.981666+00:00,82.6,50,bid,FlawlessFlatbreads,EarnestEspressos,1931858
2026-07-13T23:01:40.079452,2026-07-13T23:01:40.090927+00:00,82.8,50,bid,FlawlessFlatbreads,EarnestEspressos,1931884
2026-07-13T23:01:42.185088,2026-07-13T23:01:42.188205+00:00,82.8,50,bid,FlawlessFlatbreads,Andy Garg,1931922
2026-07-13T23:01:44.292994,2026-07-13T23:01:44.295469+00:00,82.9,50,bid,FlawlessFlatbreads,DiligentDonuts,1931958
2026-07-13T23:01:46.114999,2026-07-13T23:01:46.123266+00:00,83.0,3,bid,CostlyCorianders,Kelvin Chan,1932002
2026-07-13T23:01:46.114999,2026-07-13T23:01:46.123266+00:00,83.0,41,bid,CostlyCorianders,DiligentDonuts,1932003
2026-07-13T23:01:46.400719,2026-07-13T23:01:46.408258+00:00,83.0,50,bid,FlawlessFlatbreads,DiligentDonuts,1932005
2026-07-13T23:01:46.656865,2026-07-13T23:01:46.661185+00:00,82.7,1,ask,Kelvin Chan,CostlyCorianders,1932006
2026-07-13T23:01:48.507023,2026-07-13T23:01:48.511579+00:00,83.2,50,bid,FlawlessFlatbreads,Andy Garg,1932045
2026-07-13T23:01:49.820432,2026-07-13T23:01:49.826375+00:00,82.9,40,ask,DiligentDonuts,CostlyCorianders,1932073
2026-07-13T23:01:50.612433,2026-07-13T23:01:50.614770+00:00,83.3,50,bid,FlawlessFlatbreads,EarnestEspressos,1932083
2026-07-13T23:01:51.433746,2026-07-13T23:01:51.436055+00:00,83.3,43,bid,CostlyCorianders,EarnestEspressos,1932096
2026-07-13T23:01:51.660443,2026-07-13T23:01:51.664840+00:00,83.3,3,ask,EarnestEspressos,Xuanyu Liu,1932101
2026-07-13T23:01:51.672597,2026-07-13T23:01:51.675815+00:00,83.3,83,ask,EarnestEspressos,Sze-Yong Ng,1932102
2026-07-13T23:01:51.767508,2026-07-13T23:01:51.775927+00:00,83.3,11,ask,EarnestEspressos,Xuanyu Liu,1932106
2026-07-13T23:01:51.816955,2026-07-13T23:01:51.819668+00:00,83.3,22,ask,EarnestEspressos,Sze-Yong Ng,1932110
2026-07-13T23:01:51.925879,2026-07-13T23:01:51.938974+00:00,83.3,31,ask,EarnestEspressos,Andy Garg,1932112
2026-07-13T23:01:52.150598,2026-07-13T23:01:52.158834+00:00,83.0,14,ask,DiligentDonuts,Andy Garg,1932118
2026-07-13T23:01:52.717699,2026-07-13T23:01:52.720397+00:00,83.4,45,bid,FlawlessFlatbreads,Andy Garg,1932132
2026-07-13T23:01:52.717699,2026-07-13T23:01:52.731212+00:00,83.5,5,bid,FlawlessFlatbreads,DiligentDonuts,1932133
2026-07-13T23:01:53.022595,2026-07-13T23:01:53.034302+00:00,83.0,47,ask,DiligentDonuts,CostlyCorianders,1932138
2026-07-13T23:01:54.875724,2026-07-13T23:01:54.879143+00:00,83.3,11,bid,Xuanyu Liu,EarnestEspressos,1932174
2026-07-13T23:01:56.927238,2026-07-13T23:01:56.931759+00:00,83.3,50,bid,FlawlessFlatbreads,EarnestEspressos,1932210
2026-07-13T23:01:58.685996,2026-07-13T23:01:58.689760+00:00,83.2,2,bid,Xuanyu Liu,Kelvin Chan,1932243
2026-07-13T23:01:58.703949,2026-07-13T23:01:58.712005+00:00,83.4,50,bid,Andy Garg,DiligentDonuts,1932244
2026-07-13T23:01:59.083094,2026-07-13T23:01:59.091867+00:00,83.1,50,ask,Andy Garg,FlawlessFlatbreads,1932262
2026-07-13T23:02:01.188427,2026-07-13T23:02:01.190752+00:00,83.0,50,ask,DiligentDonuts,FlawlessFlatbreads,1932303
2026-07-13T23:02:01.657866,2026-07-13T23:02:01.664106+00:00,83.4,45,bid,CostlyCorianders,EarnestEspressos,1932325
2026-07-13T23:02:03.243946,2026-07-13T23:02:03.247220+00:00,83.4,50,bid,FlawlessFlatbreads,EarnestEspressos,1932360
2026-07-13T23:02:03.927184,2026-07-13T23:02:03.930696+00:00,83.1,2,ask,Andy Garg,Xuanyu Liu,1932373
2026-07-13T23:02:04.356837,2026-07-13T23:02:04.365646+00:00,83.1,50,ask,EarnestEspressos,Andy Garg,1932376
2026-07-13T23:02:04.731312,2026-07-13T23:02:04.737262+00:00,83.2,42,bid,CostlyCorianders,DiligentDonuts,1932380
2026-07-13T23:02:05.141330,2026-07-13T23:02:05.151731+00:00,83.1,25,ask,EarnestEspressos,Dinh Nguyen,1932390
2026-07-13T23:02:05.352034,2026-07-13T23:02:05.363770+00:00,83.2,50,bid,FlawlessFlatbreads,DiligentDonuts,1932392
2026-07-13T23:02:05.677881,2026-07-13T23:02:05.685757+00:00,83.2,2,bid,Dinh Nguyen,DiligentDonuts,1932394
2026-07-13T23:02:06.216872,2026-07-13T23:02:06.229379+00:00,83.2,6,bid,Andy Garg,DiligentDonuts,1932404
2026-07-13T23:02:07.460954,2026-07-13T23:02:07.468447+00:00,83.5,50,bid,FlawlessFlatbreads,Andy Garg,1932428
2026-07-13T23:02:09.567632,2026-07-13T23:02:09.576777+00:00,83.4,50,bid,FlawlessFlatbreads,EarnestEspressos,1932454
2026-07-13T23:02:10.789291,2026-07-13T23:02:10.792610+00:00,83.3,43,ask,DiligentDonuts,CostlyCorianders,1932484
2026-07-13T23:02:11.677132,2026-07-13T23:02:11.689061+00:00,83.4,3,bid,FlawlessFlatbreads,Kelvin Chan,1932498
2026-07-13T23:02:11.677132,2026-07-13T23:02:11.689061+00:00,83.5,8,bid,FlawlessFlatbreads,Andy Garg,1932499
2026-07-13T23:02:11.677132,2026-07-13T23:02:11.689061+00:00,83.7,39,bid,FlawlessFlatbreads,EarnestEspressos,1932500
2026-07-13T23:02:11.856704,2026-07-13T23:02:11.868202+00:00,83.3,46,ask,DiligentDonuts,CostlyCorianders,1932502
2026-07-13T23:02:11.893336,2026-07-13T23:02:11.899882+00:00,83.3,11,ask,DiligentDonuts,Dinh Nguyen,1932505
2026-07-13T23:02:12.364698,2026-07-13T23:02:12.375627+00:00,83.7,49,bid,CostlyCorianders,EarnestEspressos,1932513
2026-07-13T23:02:12.419388,2026-07-13T23:02:12.428845+00:00,83.2,2,ask,EarnestEspressos,Dinh Nguyen,1932514
2026-07-13T23:02:13.432774,2026-07-13T23:02:13.434443+00:00,83.2,41,ask,EarnestEspressos,CostlyCorianders,1932536
2026-07-13T23:02:13.656384,2026-07-13T23:02:13.666554+00:00,83.2,2,ask,EarnestEspressos,Dinh Nguyen,1932541
2026-07-13T23:02:13.785434,2026-07-13T23:02:13.793220+00:00,83.4,50,bid,FlawlessFlatbreads,DiligentDonuts,1932547
2026-07-13T23:02:13.821108,2026-07-13T23:02:13.824820+00:00,83.4,50,bid,EarnestEspressos,DiligentDonuts,1932548
2026-07-13T23:02:13.878315,2026-07-13T23:02:13.882633+00:00,83.4,11,ask,EarnestEspressos,Xuanyu Liu,1932551
2026-07-13T23:02:14.912890,2026-07-13T23:02:14.916453+00:00,83.4,25,ask,EarnestEspressos,Dinh Nguyen,1932572
2026-07-13T23:02:15.545380,2026-07-13T23:02:15.548118+00:00,83.5,6,bid,CostlyCorianders,Kelvin Chan,1932587
2026-07-13T23:02:15.545380,2026-07-13T23:02:15.558598+00:00,83.9,41,bid,CostlyCorianders,EarnestEspressos,1932588
2026-07-13T23:02:15.892301,2026-07-13T23:02:15.895365+00:00,83.9,50,bid,FlawlessFlatbreads,EarnestEspressos,1932597
2026-07-13T23:02:16.059252,2026-07-13T23:02:16.063722+00:00,83.5,5,bid,CostlyCorianders,Kelvin Chan,1932602
2026-07-13T23:02:16.573869,2026-07-13T23:02:16.580998+00:00,83.4,48,ask,EarnestEspressos,CostlyCorianders,1932608
2026-07-13T23:02:16.699364,2026-07-13T23:02:16.708838+00:00,83.4,16,ask,EarnestEspressos,Dinh Nguyen,1932610
2026-07-13T23:02:18.001752,2026-07-13T23:02:18.012994+00:00,83.6,3,bid,FlawlessFlatbreads,Kelvin Chan,1932640
2026-07-13T23:02:18.001752,2026-07-13T23:02:18.012994+00:00,83.6,47,bid,FlawlessFlatbreads,EarnestEspressos,1932641
2026-07-13T23:02:18.562603,2026-07-13T23:02:18.571458+00:00,83.6,44,bid,CostlyCorianders,EarnestEspressos,1932652
2026-07-13T23:02:19.678130,2026-07-13T23:02:19.683971+00:00,83.2,43,ask,DiligentDonuts,CostlyCorianders,1932682
2026-07-13T23:02:20.168224,2026-07-13T23:02:20.180501+00:00,83.4,50,ask,EarnestEspressos,FlawlessFlatbreads,1932688
2026-07-13T23:02:20.177001,2026-07-13T23:02:20.180501+00:00,83.4,10,ask,EarnestEspressos,Xuanyu Liu,1932689
2026-07-13T23:02:20.226359,2026-07-13T23:02:20.234798+00:00,83.4,13,ask,EarnestEspressos,Sze-Yong Ng,1932691
2026-07-13T23:02:20.295079,2026-07-13T23:02:20.298593+00:00,83.5,45,bid,CostlyCorianders,DiligentDonuts,1932694
2026-07-13T23:02:20.956324,2026-07-13T23:02:20.968260+00:00,83.4,25,ask,EarnestEspressos,Dinh Nguyen,1932707
2026-07-13T23:02:22.282730,2026-07-13T23:02:22.285627+00:00,83.4,50,ask,EarnestEspressos,FlawlessFlatbreads,1932733
2026-07-13T23:02:22.337077,2026-07-13T23:02:22.339553+00:00,83.4,2,ask,EarnestEspressos,CostlyCorianders,1932734
2026-07-13T23:02:22.337077,2026-07-13T23:02:22.350786+00:00,83.0,46,ask,Andy Garg,CostlyCorianders,1932735
2026-07-13T23:02:23.991361,2026-07-13T23:02:23.995061+00:00,83.2,25,ask,DiligentDonuts,Dinh Nguyen,1932764
2026-07-13T23:02:24.394786,2026-07-13T23:02:24.412087+00:00,83.2,50,ask,DiligentDonuts,FlawlessFlatbreads,1932770
2026-07-13T23:02:24.913600,2026-07-13T23:02:24.917769+00:00,83.3,10,bid,Xuanyu Liu,EarnestEspressos,1932789
2026-07-13T23:02:25.787652,2026-07-13T23:02:25.792835+00:00,83.3,1,bid,Kelvin Chan,EarnestEspressos,1932796
2026-07-13T23:02:26.352984,2026-07-13T23:02:26.359852+00:00,83.0,5,ask,DiligentDonuts,Andy Garg,1932807
2026-07-13T23:02:26.502948,2026-07-13T23:02:26.509879+00:00,83.0,50,ask,DiligentDonuts,FlawlessFlatbreads,1932808
2026-07-13T23:02:27.151443,2026-07-13T23:02:27.159507+00:00,83.3,41,bid,CostlyCorianders,Andy Garg,1932815
2026-07-13T23:02:27.151443,2026-07-13T23:02:27.159507+00:00,83.3,4,bid,CostlyCorianders,EarnestEspressos,1932816
2026-07-13T23:02:28.289271,2026-07-13T23:02:28.294134+00:00,83.3,46,bid,CostlyCorianders,EarnestEspressos,1932836
2026-07-13T23:02:28.861473,2026-07-13T23:02:28.865391+00:00,83.3,11,bid,Xuanyu Liu,EarnestEspressos,1932848
2026-07-13T23:02:30.112012,2026-07-13T23:02:30.116495+00:00,83.3,42,ask,EarnestEspressos,CostlyCorianders,1932865
2026-07-13T23:02:30.171140,2026-07-13T23:02:30.185856+00:00,83.4,3,bid,Xuanyu Liu,DiligentDonuts,1932869
2026-07-13T23:02:30.212147,2026-07-13T23:02:30.218197+00:00,83.4,74,bid,Sze-Yong Ng,DiligentDonuts,1932873
2026-07-13T23:02:30.264585,2026-07-13T23:02:30.272188+00:00,83.4,23,bid,Andy Garg,DiligentDonuts,1932875
2026-07-13T23:02:30.688170,2026-07-13T23:02:30.697685+00:00,83.6,3,bid,FlawlessFlatbreads,Kelvin Chan,1932882
2026-07-13T23:02:30.688170,2026-07-13T23:02:30.697685+00:00,83.8,47,bid,FlawlessFlatbreads,EarnestEspressos,1932883
2026-07-13T23:02:32.794706,2026-07-13T23:02:32.803108+00:00,83.7,23,bid,FlawlessFlatbreads,Andy Garg,1932933
2026-07-13T23:02:32.794706,2026-07-13T23:02:32.803108+00:00,83.8,27,bid,FlawlessFlatbreads,DiligentDonuts,1932934
2026-07-13T23:02:34.136509,2026-07-13T23:02:34.140197+00:00,83.5,24,ask,Andy Garg,Xuanyu Liu,1932955
2026-07-13T23:02:34.541729,2026-07-13T23:02:34.543453+00:00,83.4,61,ask,EarnestEspressos,Sze-Yong Ng,1932964
2026-07-13T23:02:34.894353,2026-07-13T23:02:34.904322+00:00,83.4,25,ask,EarnestEspressos,Dinh Nguyen,1932968
2026-07-13T23:02:34.960282,2026-07-13T23:02:34.967831+00:00,83.4,50,ask,EarnestEspressos,FlawlessFlatbreads,1932973
2026-07-13T23:02:35.265671,2026-07-13T23:02:35.275302+00:00,83.4,14,ask,EarnestEspressos,CostlyCorianders,1932977
2026-07-13T23:02:35.265671,2026-07-13T23:02:35.275302+00:00,83.3,28,ask,DiligentDonuts,CostlyCorianders,1932978
2026-07-13T23:02:36.055868,2026-07-13T23:02:36.059867+00:00,83.4,5,ask,Kelvin Chan,EarnestEspressos,1933001
2026-07-13T23:02:36.055868,2026-07-13T23:02:36.059867+00:00,83.1,50,ask,Andy Garg,EarnestEspressos,1933002
2026-07-13T23:02:36.055868,2026-07-13T23:02:36.059867+00:00,83.1,95,ask,DiligentDonuts,EarnestEspressos,1933003
2026-07-13T23:02:37.067181,2026-07-13T23:02:37.075794+00:00,83.1,5,ask,DiligentDonuts,FlawlessFlatbreads,1933021
2026-07-13T23:02:37.067181,2026-07-13T23:02:37.075794+00:00,82.9,45,ask,Andy Garg,FlawlessFlatbreads,1933022
2026-07-13T23:02:37.223664,2026-07-13T23:02:37.233761+00:00,83.5,24,bid,CostlyCorianders,Andy Garg,1933024
2026-07-13T23:02:37.223664,2026-07-13T23:02:37.233761+00:00,83.6,19,bid,CostlyCorianders,DiligentDonuts,1933025
2026-07-13T23:02:37.785134,2026-07-13T23:02:37.793109+00:00,83.5,44,bid,CostlyCorianders,Andy Garg,1933036
2026-07-13T23:02:38.913142,2026-07-13T23:02:38.920542+00:00,83.0,46,ask,DiligentDonuts,CostlyCorianders,1933057
2026-07-13T23:02:39.175359,2026-07-13T23:02:39.184824+00:00,83.3,50,ask,EarnestEspressos,FlawlessFlatbreads,1933063
2026-07-13T23:02:40.124030,2026-07-13T23:02:40.129006+00:00,83.5,42,bid,CostlyCorianders,Andy Garg,1933076
2026-07-13T23:02:41.282336,2026-07-13T23:02:41.291008+00:00,83.3,50,ask,EarnestEspressos,FlawlessFlatbreads,1933101
2026-07-13T23:02:41.323083,2026-07-13T23:02:41.333760+00:00,83.3,46,ask,EarnestEspressos,CostlyCorianders,1933103
2026-07-13T23:02:41.989687,2026-07-13T23:02:41.993331+00:00,83.5,21,bid,Xuanyu Liu,DiligentDonuts,1933119
2026-07-13T23:02:43.456875,2026-07-13T23:02:43.460411+00:00,83.5,50,bid,Andy Garg,EarnestEspressos,1933149
2026-07-13T23:02:44.221546,2026-07-13T23:02:44.233382+00:00,83.5,44,bid,CostlyCorianders,EarnestEspressos,1933158
2026-07-13T23:02:47.542481,2026-07-13T23:02:47.551153+00:00,83.4,50,bid,FlawlessFlatbreads,DiligentDonuts,1933211
2026-07-13T23:02:47.928408,2026-07-13T23:02:47.937541+00:00,83.2,40,ask,Andy Garg,CostlyCorianders,1933223
2026-07-13T23:02:48.681714,2026-07-13T23:02:48.685823+00:00,83.3,1,ask,Kelvin Chan,Andy Garg,1933246
2026-07-13T23:02:51.663659,2026-07-13T23:02:51.665347+00:00,83.5,42,bid,CostlyCorianders,DiligentDonuts,1933310
2026-07-13T23:02:51.802547,2026-07-13T23:02:51.806763+00:00,83.0,50,ask,DiligentDonuts,FlawlessFlatbreads,1933315
2026-07-13T23:02:53.346715,2026-07-13T23:02:53.352186+00:00,83.1,46,ask,EarnestEspressos,CostlyCorianders,1933332
2026-07-13T23:02:53.910404,2026-07-13T23:02:53.915509+00:00,83.1,50,ask,EarnestEspressos,FlawlessFlatbreads,1933347
2026-07-13T23:02:56.015654,2026-07-13T23:02:56.021160+00:00,83.0,50,ask,DiligentDonuts,FlawlessFlatbreads,1933382
2026-07-13T23:02:56.855930,2026-07-13T23:02:56.859005+00:00,83.0,40,ask,DiligentDonuts,CostlyCorianders,1933398
2026-07-13T23:02:58.120614,2026-07-13T23:02:58.129571+00:00,82.9,50,ask,Andy Garg,FlawlessFlatbreads,1933422
2026-07-13T23:03:00.176396,2026-07-13T23:03:00.188204+00:00,83.3,50,bid,FlawlessFlatbreads,DiligentDonuts,1933462
2026-07-13T23:03:00.310013,2026-07-13T23:03:00.314412+00:00,83.3,46,bid,CostlyCorianders,DiligentDonuts,1933463
2026-07-13T23:03:01.418984,2026-07-13T23:03:01.420841+00:00,83.0,43,ask,DiligentDonuts,CostlyCorianders,1933479
2026-07-13T23:03:01.677461,2026-07-13T23:03:01.680842+00:00,83.2,3,bid,Xuanyu Liu,EarnestEspressos,1933488
2026-07-13T23:03:01.847756,2026-07-13T23:03:01.849542+00:00,83.2,61,bid,Sze-Yong Ng,EarnestEspressos,1933490
2026-07-13T23:03:02.035276,2026-07-13T23:03:02.039521+00:00,83.2,46,bid,CostlyCorianders,EarnestEspressos,1933494
2026-07-13T23:03:02.285438,2026-07-13T23:03:02.290848+00:00,83.2,40,bid,FlawlessFlatbreads,EarnestEspressos,1933497
2026-07-13T23:03:02.285438,2026-07-13T23:03:02.290848+00:00,83.3,10,bid,FlawlessFlatbreads,Andy Garg,1933498
2026-07-13T23:03:02.494467,2026-07-13T23:03:02.500656+00:00,83.3,40,bid,CostlyCorianders,Andy Garg,1933503
2026-07-13T23:03:02.494467,2026-07-13T23:03:02.500656+00:00,83.4,1,bid,CostlyCorianders,Kelvin Chan,1933504
2026-07-13T23:03:03.591151,2026-07-13T23:03:03.599018+00:00,83.1,3,ask,Kelvin Chan,CostlyCorianders,1933531
2026-07-13T23:03:03.591151,2026-07-13T23:03:03.599018+00:00,83.0,41,ask,DiligentDonuts,CostlyCorianders,1933532
2026-07-13T23:03:04.479159,2026-07-13T23:03:04.489378+00:00,83.3,100,bid,EarnestEspressos,DiligentDonuts,1933562
2026-07-13T23:03:04.486093,2026-07-13T23:03:04.489378+00:00,83.5,3,ask,EarnestEspressos,Xuanyu Liu,1933563
2026-07-13T23:03:04.539339,2026-07-13T23:03:04.541987+00:00,83.5,39,ask,EarnestEspressos,Sze-Yong Ng,1933564
2026-07-13T23:03:05.610619,2026-07-13T23:03:05.613992+00:00,83.5,8,ask,EarnestEspressos,Xuanyu Liu,1933585
2026-07-13T23:03:05.676318,2026-07-13T23:03:05.687845+00:00,83.1,4,ask,Kelvin Chan,Andy Garg,1933588
2026-07-13T23:03:07.701812,2026-07-13T23:03:07.706288+00:00,83.3,8,bid,Xuanyu Liu,EarnestEspressos,1933625
2026-07-13T23:03:08.032373,2026-07-13T23:03:08.042497+00:00,83.2,5,ask,Kelvin Chan,CostlyCorianders,1933630
2026-07-13T23:03:08.032373,2026-07-13T23:03:08.042497+00:00,83.1,37,ask,Andy Garg,CostlyCorianders,1933631
2026-07-13T23:03:08.611799,2026-07-13T23:03:08.620269+00:00,83.3,50,bid,FlawlessFlatbreads,EarnestEspressos,1933646
2026-07-13T23:03:09.587020,2026-07-13T23:03:09.594272+00:00,83.2,4,ask,Kelvin Chan,Andy Garg,1933676
2026-07-13T23:03:10.280693,2026-07-13T23:03:10.285182+00:00,83.2,46,bid,CostlyCorianders,Andy Garg,1933690
2026-07-13T23:03:10.280693,2026-07-13T23:03:10.285182+00:00,83.3,3,bid,CostlyCorianders,EarnestEspressos,1933691
2026-07-13T23:03:11.782755,2026-07-13T23:03:11.790261+00:00,83.3,48,bid,CostlyCorianders,EarnestEspressos,1933724
2026-07-13T23:03:12.832885,2026-07-13T23:03:12.837976+00:00,83.3,50,bid,FlawlessFlatbreads,EarnestEspressos,1933738
2026-07-13T23:03:13.474987,2026-07-13T23:03:13.478193+00:00,83.2,5,ask,Kelvin Chan,Xuanyu Liu,1933761
2026-07-13T23:03:16.687141,2026-07-13T23:03:16.689860+00:00,83.1,44,ask,EarnestEspressos,CostlyCorianders,1933812
2026-07-13T23:03:17.046198,2026-07-13T23:03:17.050831+00:00,83.3,50,bid,FlawlessFlatbreads,Andy Garg,1933821
2026-07-13T23:03:17.691192,2026-07-13T23:03:17.697980+00:00,83.1,5,ask,Kelvin Chan,CostlyCorianders,1933826
2026-07-13T23:03:17.691192,2026-07-13T23:03:17.697980+00:00,83.0,41,ask,EarnestEspressos,CostlyCorianders,1933827
2026-07-13T23:03:20.284392,2026-07-13T23:03:20.292634+00:00,83.0,45,ask,Andy Garg,CostlyCorianders,1933877
2026-07-13T23:03:20.807809,2026-07-13T23:03:20.811122+00:00,83.3,41,bid,CostlyCorianders,EarnestEspressos,1933880
2026-07-13T23:03:21.324083,2026-07-13T23:03:21.327734+00:00,83.1,4,ask,Kelvin Chan,FlawlessFlatbreads,1933888
2026-07-13T23:03:21.324083,2026-07-13T23:03:21.327734+00:00,82.9,46,ask,DiligentDonuts,FlawlessFlatbreads,1933889
2026-07-13T23:03:23.379985,2026-07-13T23:03:23.391239+00:00,83.3,50,bid,FlawlessFlatbreads,EarnestEspressos,1933930
2026-07-13T23:03:23.477560,2026-07-13T23:03:23.485947+00:00,83.3,100,bid,EarnestEspressos,DiligentDonuts,1933931
2026-07-13T23:03:25.214749,2026-07-13T23:03:25.217471+00:00,83.3,31,ask,EarnestEspressos,Andy Garg,1933974
2026-07-13T23:03:25.544991,2026-07-13T23:03:25.550819+00:00,83.3,19,ask,EarnestEspressos,FlawlessFlatbreads,1933981
2026-07-13T23:03:25.544991,2026-07-13T23:03:25.550819+00:00,83.1,5,ask,Kelvin Chan,FlawlessFlatbreads,1933982
2026-07-13T23:03:25.544991,2026-07-13T23:03:25.561764+00:00,83.0,26,ask,Andy Garg,FlawlessFlatbreads,1933983
2026-07-13T23:03:26.447724,2026-07-13T23:03:26.458095+00:00,83.7,45,bid,CostlyCorianders,Andy Garg,1934009
2026-07-13T23:03:27.032957,2026-07-13T23:03:27.044631+00:00,83.3,48,bid,CostlyCorianders,EarnestEspressos,1934025
2026-07-13T23:03:27.549204,2026-07-13T23:03:27.550873+00:00,83.2,48,ask,DiligentDonuts,CostlyCorianders,1934049
2026-07-13T23:03:27.601750,2026-07-13T23:03:27.603764+00:00,83.3,50,bid,FlawlessFlatbreads,EarnestEspressos,1934052
2026-07-13T23:03:27.912647,2026-07-13T23:03:27.916488+00:00,83.2,6,ask,DiligentDonuts,Xuanyu Liu,1934057
2026-07-13T23:03:27.941660,2026-07-13T23:03:27.948614+00:00,83.2,22,ask,DiligentDonuts,Sze-Yong Ng,1934058
2026-07-13T23:03:27.958091,2026-07-13T23:03:27.970262+00:00,83.2,5,ask,DiligentDonuts,Andy Garg,1934059
2026-07-13T23:03:28.637817,2026-07-13T23:03:28.646095+00:00,83.2,19,ask,DiligentDonuts,CostlyCorianders,1934074
2026-07-13T23:03:28.637817,2026-07-13T23:03:28.646095+00:00,83.1,1,ask,Kelvin Chan,CostlyCorianders,1934075
2026-07-13T23:03:28.637817,2026-07-13T23:03:28.646095+00:00,82.9,27,ask,Andy Garg,CostlyCorianders,1934076
2026-07-13T23:03:29.218203,2026-07-13T23:03:29.232473+00:00,83.2,14,bid,Xuanyu Liu,Andy Garg,1934087
2026-07-13T23:03:29.246342,2026-07-13T23:03:29.253469+00:00,83.2,34,bid,CostlyCorianders,Andy Garg,1934088
2026-07-13T23:03:29.246342,2026-07-13T23:03:29.253469+00:00,83.3,8,bid,CostlyCorianders,EarnestEspressos,1934089
2026-07-13T23:03:29.273221,2026-07-13T23:03:29.285085+00:00,83.3,44,bid,Andy Garg,EarnestEspressos,1934092
2026-07-13T23:03:29.760216,2026-07-13T23:03:29.769538+00:00,83.1,50,ask,Andy Garg,FlawlessFlatbreads,1934104
2026-07-13T23:03:29.813611,2026-07-13T23:03:29.817871+00:00,83.4,3,ask,EarnestEspressos,Xuanyu Liu,1934106
2026-07-13T23:03:29.898056,2026-07-13T23:03:29.902605+00:00,83.4,41,ask,EarnestEspressos,CostlyCorianders,1934112
2026-07-13T23:03:31.070906,2026-07-13T23:03:31.074342+00:00,83.4,11,ask,EarnestEspressos,Xuanyu Liu,1934124
2026-07-13T23:03:31.137894,2026-07-13T23:03:31.148377+00:00,83.4,49,ask,EarnestEspressos,Andy Garg,1934126
2026-07-13T23:03:31.147767,2026-07-13T23:03:31.158986+00:00,83.4,45,ask,EarnestEspressos,Andy Garg,1934127
2026-07-13T23:03:33.023883,2026-07-13T23:03:33.028100+00:00,83.3,11,bid,Xuanyu Liu,EarnestEspressos,1934162
2026-07-13T23:03:33.922064,2026-07-13T23:03:33.926691+00:00,83.3,47,bid,CostlyCorianders,EarnestEspressos,1934174
2026-07-13T23:03:33.974383,2026-07-13T23:03:33.979386+00:00,83.1,50,ask,Andy Garg,FlawlessFlatbreads,1934176
2026-07-13T23:03:34.466276,2026-07-13T23:03:34.469869+00:00,83.3,3,bid,Xuanyu Liu,EarnestEspressos,1934190
2026-07-13T23:03:34.820778,2026-07-13T23:03:34.828062+00:00,83.3,61,bid,Sze-Yong Ng,EarnestEspressos,1934195
2026-07-13T23:03:36.080020,2026-07-13T23:03:36.088493+00:00,83.0,50,ask,Andy Garg,FlawlessFlatbreads,1934207
2026-07-13T23:03:36.531640,2026-07-13T23:03:36.541382+00:00,83.3,41,bid,CostlyCorianders,Andy Garg,1934211
2026-07-13T23:03:37.454085,2026-07-13T23:03:37.456558+00:00,83.2,48,ask,EarnestEspressos,CostlyCorianders,1934225
2026-07-13T23:03:38.186211,2026-07-13T23:03:38.190488+00:00,83.2,50,ask,EarnestEspressos,FlawlessFlatbreads,1934241
2026-07-13T23:03:40.293572,2026-07-13T23:03:40.300646+00:00,83.3,50,ask,Andy Garg,FlawlessFlatbreads,1934278
2026-07-13T23:03:42.401581,2026-07-13T23:03:42.406993+00:00,83.2,4,ask,Kelvin Chan,FlawlessFlatbreads,1934317
2026-07-13T23:03:42.401581,2026-07-13T23:03:42.406993+00:00,83.1,46,ask,Andy Garg,FlawlessFlatbreads,1934318
2026-07-13T23:03:42.854207,2026-07-13T23:03:42.862171+00:00,83.2,40,ask,EarnestEspressos,CostlyCorianders,1934324
2026-07-13T23:03:44.509525,2026-07-13T23:03:44.512005+00:00,83.2,50,ask,EarnestEspressos,FlawlessFlatbreads,1934357
2026-07-13T23:03:45.690349,2026-07-13T23:03:45.695046+00:00,83.2,5,ask,Kelvin Chan,EarnestEspressos,1934379
2026-07-13T23:03:45.784733,2026-07-13T23:03:45.790742+00:00,83.2,39,bid,Sze-Yong Ng,EarnestEspressos,1934383
2026-07-13T23:03:45.790066,2026-07-13T23:03:45.801450+00:00,83.2,5,bid,Kelvin Chan,EarnestEspressos,1934384
2026-07-13T23:03:45.844402,2026-07-13T23:03:45.854997+00:00,83.2,5,bid,Kelvin Chan,EarnestEspressos,1934386
2026-07-13T23:03:46.818704,2026-07-13T23:03:46.823653+00:00,83.2,25,bid,Dinh Nguyen,EarnestEspressos,1934410
2026-07-13T23:03:46.822919,2026-07-13T23:03:46.834512+00:00,83.2,22,bid,Sze-Yong Ng,EarnestEspressos,1934411
2026-07-13T23:03:46.857249,2026-07-13T23:03:46.866725+00:00,83.2,5,bid,Andy Garg,EarnestEspressos,1934412
2026-07-13T23:03:48.228860,2026-07-13T23:03:48.235267+00:00,83.2,5,bid,Kelvin Chan,EarnestEspressos,1934432
2026-07-13T23:03:48.348436,2026-07-13T23:03:48.351537+00:00,83.2,25,bid,Dinh Nguyen,EarnestEspressos,1934434
2026-07-13T23:03:48.521810,2026-07-13T23:03:48.530853+00:00,83.2,14,bid,DiligentDonuts,EarnestEspressos,1934438
2026-07-13T23:03:48.721177,2026-07-13T23:03:48.732339+00:00,83.2,50,ask,DiligentDonuts,FlawlessFlatbreads,1934441
2026-07-13T23:03:49.820197,2026-07-13T23:03:49.827334+00:00,83.4,50,ask,EarnestEspressos,Andy Garg,1934463
2026-07-13T23:03:50.051970,2026-07-13T23:03:50.064425+00:00,83.4,61,ask,EarnestEspressos,Sze-Yong Ng,1934467
2026-07-13T23:03:50.258242,2026-07-13T23:03:50.266050+00:00,83.4,39,ask,EarnestEspressos,Andy Garg,1934476
2026-07-13T23:03:50.828406,2026-07-13T23:03:50.841220+00:00,83.2,36,ask,DiligentDonuts,FlawlessFlatbreads,1934492
2026-07-13T23:03:50.828406,2026-07-13T23:03:50.841220+00:00,83.2,5,ask,Kelvin Chan,FlawlessFlatbreads,1934493
2026-07-13T23:03:50.828406,2026-07-13T23:03:50.841220+00:00,83.0,9,ask,Andy Garg,FlawlessFlatbreads,1934494
2026-07-13T23:03:51.562209,2026-07-13T23:03:51.565108+00:00,83.7,44,bid,CostlyCorianders,DiligentDonuts,1934511
2026-07-13T23:03:52.015274,2026-07-13T23:03:52.022125+00:00,83.2,5,ask,Kelvin Chan,EarnestEspressos,1934519
2026-07-13T23:03:52.015274,2026-07-13T23:03:52.022125+00:00,83.2,50,ask,Andy Garg,EarnestEspressos,1934520
2026-07-13T23:03:52.057383,2026-07-13T23:03:52.065021+00:00,83.2,6,bid,Kelvin Chan,EarnestEspressos,1934521
2026-07-13T23:03:52.225584,2026-07-13T23:03:52.236067+00:00,83.2,5,bid,Kelvin Chan,EarnestEspressos,1934524
2026-07-13T23:03:52.297642,2026-07-13T23:03:52.300091+00:00,83.2,39,bid,Sze-Yong Ng,EarnestEspressos,1934526
2026-07-13T23:03:52.313953,2026-07-13T23:03:52.321499+00:00,83.2,5,bid,Kelvin Chan,EarnestEspressos,1934527
2026-07-13T23:03:52.619126,2026-07-13T23:03:52.629527+00:00,83.2,40,bid,CostlyCorianders,EarnestEspressos,1934537
2026-07-13T23:03:52.619126,2026-07-13T23:03:52.629527+00:00,83.4,1,bid,CostlyCorianders,DiligentDonuts,1934538
2026-07-13T23:03:52.888007,2026-07-13T23:03:52.893817+00:00,83.3,50,bid,FlawlessFlatbreads,Andy Garg,1934547
2026-07-13T23:03:53.194726,2026-07-13T23:03:53.199051+00:00,82.9,40,ask,DiligentDonuts,CostlyCorianders,1934556
2026-07-13T23:03:53.779340,2026-07-13T23:03:53.785328+00:00,83.2,39,bid,CostlyCorianders,Sze-Yong Ng,1934570
2026-07-13T23:03:53.779340,2026-07-13T23:03:53.785328+00:00,83.3,4,bid,CostlyCorianders,Andy Garg,1934571
2026-07-13T23:03:54.993784,2026-07-13T23:03:55.002053+00:00,83.2,50,bid,FlawlessFlatbreads,DiligentDonuts,1934593
2026-07-13T23:03:55.128728,2026-07-13T23:03:55.138662+00:00,83.2,50,bid,EarnestEspressos,DiligentDonuts,1934602
2026-07-13T23:03:55.489538,2026-07-13T23:03:55.492520+00:00,83.2,44,ask,EarnestEspressos,CostlyCorianders,1934617
2026-07-13T23:03:58.344153,2026-07-13T23:03:58.358741+00:00,83.1,2,ask,Kelvin Chan,EarnestEspressos,1934671
2026-07-13T23:03:59.256536,2026-07-13T23:03:59.268163+00:00,82.9,50,ask,DiligentDonuts,FlawlessFlatbreads,1934698
2026-07-13T23:03:59.445260,2026-07-13T23:03:59.452743+00:00,83.1,50,bid,Andy Garg,EarnestEspressos,1934709
2026-07-13T23:03:59.601905,2026-07-13T23:03:59.605418+00:00,83.1,39,bid,Sze-Yong Ng,EarnestEspressos,1934713
2026-07-13T23:04:00.890487,2026-07-13T23:04:00.895185+00:00,83.1,25,bid,Dinh Nguyen,EarnestEspressos,1934737
2026-07-13T23:04:01.366666,2026-07-13T23:04:01.373537+00:00,82.7,50,ask,Andy Garg,FlawlessFlatbreads,1934751
2026-07-13T23:04:02.615778,2026-07-13T23:04:02.623682+00:00,83.0,42,ask,EarnestEspressos,CostlyCorianders,1934789
2026-07-13T23:04:03.241530,2026-07-13T23:04:03.243809+00:00,83.0,40,ask,EarnestEspressos,CostlyCorianders,1934806
2026-07-13T23:04:03.472146,2026-07-13T23:04:03.479449+00:00,83.0,50,ask,EarnestEspressos,FlawlessFlatbreads,1934807
2026-07-13T23:04:03.657502,2026-07-13T23:04:03.660502+00:00,83.1,2,bid,Dinh Nguyen,DiligentDonuts,1934808
2026-07-13T23:04:05.587763,2026-07-13T23:04:05.593769+00:00,82.8,14,ask,Andy Garg,FlawlessFlatbreads,1934864
2026-07-13T23:04:05.587763,2026-07-13T23:04:05.593769+00:00,82.7,36,ask,DiligentDonuts,FlawlessFlatbreads,1934865
2026-07-13T23:04:06.172484,2026-07-13T23:04:06.176290+00:00,83.1,2,bid,Dinh Nguyen,EarnestEspressos,1934875
2026-07-13T23:04:07.695059,2026-07-13T23:04:07.705752+00:00,82.6,50,ask,EarnestEspressos,FlawlessFlatbreads,1934904
2026-07-13T23:04:08.960475,2026-07-13T23:04:08.969362+00:00,82.8,25,bid,Dinh Nguyen,EarnestEspressos,1934926
2026-07-13T23:04:09.804773,2026-07-13T23:04:09.815677+00:00,82.5,50,ask,DiligentDonuts,FlawlessFlatbreads,1934948
2026-07-13T23:04:10.076456,2026-07-13T23:04:10.081198+00:00,82.8,5,bid,Andy Garg,EarnestEspressos,1934957
2026-07-13T23:04:10.491334,2026-07-13T23:04:10.496220+00:00,82.5,2,ask,DiligentDonuts,Andy Garg,1934962
2026-07-13T23:04:11.203899,2026-07-13T23:04:11.207530+00:00,82.6,3,bid,Xuanyu Liu,DiligentDonuts,1934974
2026-07-13T23:04:11.387245,2026-07-13T23:04:11.389282+00:00,82.6,2,bid,Andy Garg,DiligentDonuts,1934976
2026-07-13T23:04:11.868856,2026-07-13T23:04:11.873278+00:00,82.6,44,bid,CostlyCorianders,DiligentDonuts,1934986
2026-07-13T23:04:11.911317,2026-07-13T23:04:11.916621+00:00,82.2,22,ask,Sze-Yong Ng,FlawlessFlatbreads,1934987
2026-07-13T23:04:11.911317,2026-07-13T23:04:11.916621+00:00,82.1,28,ask,DiligentDonuts,FlawlessFlatbreads,1934988
2026-07-13T23:04:12.004484,2026-07-13T23:04:12.013989+00:00,82.6,25,bid,Dinh Nguyen,DiligentDonuts,1934989
2026-07-13T23:04:13.776400,2026-07-13T23:04:13.781118+00:00,82.6,25,bid,Dinh Nguyen,EarnestEspressos,1935018
2026-07-13T23:04:14.019683,2026-07-13T23:04:14.028279+00:00,82.3,50,ask,DiligentDonuts,FlawlessFlatbreads,1935020
2026-07-13T23:04:16.125849,2026-07-13T23:04:16.140394+00:00,82.3,50,ask,DiligentDonuts,FlawlessFlatbreads,1935049
2026-07-13T23:04:17.054728,2026-07-13T23:04:17.066870+00:00,82.4,13,bid,Sze-Yong Ng,DiligentDonuts,1935060
2026-07-13T23:04:18.179825,2026-07-13T23:04:18.186781+00:00,82.4,50,bid,FlawlessFlatbreads,DiligentDonuts,1935086
2026-07-13T23:04:18.374675,2026-07-13T23:04:18.383072+00:00,82.4,37,bid,CostlyCorianders,DiligentDonuts,1935092
2026-07-13T23:04:18.374675,2026-07-13T23:04:18.383072+00:00,82.6,4,bid,CostlyCorianders,EarnestEspressos,1935093
2026-07-13T23:04:20.299409,2026-07-13T23:04:20.304042+00:00,82.6,50,bid,FlawlessFlatbreads,EarnestEspressos,1935131
2026-07-13T23:04:20.454904,2026-07-13T23:04:20.460014+00:00,82.5,3,ask,EarnestEspressos,Xuanyu Liu,1935134
2026-07-13T23:04:21.617718,2026-07-13T23:04:21.628149+00:00,82.6,45,bid,CostlyCorianders,Andy Garg,1935156
2026-07-13T23:04:22.406211,2026-07-13T23:04:22.412154+00:00,82.6,50,bid,FlawlessFlatbreads,Andy Garg,1935167
2026-07-13T23:04:22.836468,2026-07-13T23:04:22.844079+00:00,82.5,2,ask,EarnestEspressos,Dinh Nguyen,1935175
2026-07-13T23:04:24.512551,2026-07-13T23:04:24.518227+00:00,82.6,50,bid,FlawlessFlatbreads,DiligentDonuts,1935213
2026-07-13T23:04:24.946534,2026-07-13T23:04:24.957605+00:00,82.3,42,ask,EarnestEspressos,CostlyCorianders,1935221
2026-07-13T23:04:26.619265,2026-07-13T23:04:26.628622+00:00,82.7,50,bid,FlawlessFlatbreads,Andy Garg,1935247
2026-07-13T23:04:27.705981,2026-07-13T23:04:27.710768+00:00,82.3,41,ask,Andy Garg,CostlyCorianders,1935276
2026-07-13T23:04:28.675203,2026-07-13T23:04:28.678825+00:00,82.6,40,bid,CostlyCorianders,EarnestEspressos,1935293
2026-07-13T23:04:28.725089,2026-07-13T23:04:28.732194+00:00,82.6,50,bid,FlawlessFlatbreads,EarnestEspressos,1935294
2026-07-13T23:04:31.413082,2026-07-13T23:04:31.417150+00:00,82.5,46,bid,CostlyCorianders,DiligentDonuts,1935334
2026-07-13T23:04:32.987377,2026-07-13T23:04:32.989671+00:00,82.3,50,ask,EarnestEspressos,FlawlessFlatbreads,1935356
2026-07-13T23:04:35.045481,2026-07-13T23:04:35.051961+00:00,82.6,5,bid,FlawlessFlatbreads,Kelvin Chan,1935386
2026-07-13T23:04:35.045481,2026-07-13T23:04:35.051961+00:00,82.6,45,bid,FlawlessFlatbreads,EarnestEspressos,1935387
2026-07-13T23:04:35.812018,2026-07-13T23:04:35.823055+00:00,82.3,41,ask,Andy Garg,CostlyCorianders,1935398
2026-07-13T23:04:36.832347,2026-07-13T23:04:36.841673+00:00,82.6,5,bid,CostlyCorianders,Kelvin Chan,1935413
2026-07-13T23:04:36.832347,2026-07-13T23:04:36.841673+00:00,82.6,42,bid,CostlyCorianders,Andy Garg,1935414
2026-07-13T23:04:37.153845,2026-07-13T23:04:37.165877+00:00,82.7,50,bid,FlawlessFlatbreads,Andy Garg,1935427
2026-07-13T23:04:38.825980,2026-07-13T23:04:38.829273+00:00,82.6,4,bid,Andy Garg,Kelvin Chan,1935453
2026-07-13T23:04:39.245482,2026-07-13T23:04:39.253266+00:00,82.6,4,bid,Andy Garg,Kelvin Chan,1935463
2026-07-13T23:04:39.259816,2026-07-13T23:04:39.264333+00:00,82.8,50,bid,FlawlessFlatbreads,EarnestEspressos,1935464
2026-07-13T23:04:39.873451,2026-07-13T23:04:39.886092+00:00,82.8,2,ask,EarnestEspressos,Kelvin Chan,1935474
2026-07-13T23:04:39.940668,2026-07-13T23:04:39.951235+00:00,82.8,47,ask,EarnestEspressos,CostlyCorianders,1935475
2026-07-13T23:04:40.496160,2026-07-13T23:04:40.500125+00:00,82.8,3,ask,EarnestEspressos,Xuanyu Liu,1935487
2026-07-13T23:04:40.609509,2026-07-13T23:04:40.620062+00:00,82.8,98,ask,EarnestEspressos,Sze-Yong Ng,1935489
2026-07-13T23:04:41.299021,2026-07-13T23:04:41.302891+00:00,82.7,2,bid,Xuanyu Liu,Kelvin Chan,1935504
2026-07-13T23:04:43.062313,2026-07-13T23:04:43.073143+00:00,82.6,43,bid,CostlyCorianders,EarnestEspressos,1935543
2026-07-13T23:04:43.116197,2026-07-13T23:04:43.127166+00:00,82.4,48,ask,Andy Garg,CostlyCorianders,1935545
2026-07-13T23:04:43.486526,2026-07-13T23:04:43.493958+00:00,82.6,2,bid,Dinh Nguyen,EarnestEspressos,1935549
2026-07-13T23:04:43.524697,2026-07-13T23:04:43.536958+00:00,82.3,1,ask,Kelvin Chan,FlawlessFlatbreads,1935550
2026-07-13T23:04:43.524697,2026-07-13T23:04:43.536958+00:00,82.3,49,ask,DiligentDonuts,FlawlessFlatbreads,1935551
2026-07-13T23:04:44.075549,2026-07-13T23:04:44.080517+00:00,82.6,48,bid,CostlyCorianders,EarnestEspressos,1935574
2026-07-13T23:04:45.632764,2026-07-13T23:04:45.640727+00:00,82.2,50,ask,Andy Garg,FlawlessFlatbreads,1935607
2026-07-13T23:04:46.181762,2026-07-13T23:04:46.187279+00:00,82.4,43,ask,EarnestEspressos,CostlyCorianders,1935625
2026-07-13T23:04:46.716978,2026-07-13T23:04:46.726294+00:00,82.4,41,ask,EarnestEspressos,CostlyCorianders,1935647
2026-07-13T23:04:47.610792,2026-07-13T23:04:47.616315+00:00,82.4,43,ask,EarnestEspressos,CostlyCorianders,1935667
2026-07-13T23:04:47.738396,2026-07-13T23:04:47.747017+00:00,82.4,23,ask,EarnestEspressos,FlawlessFlatbreads,1935674
2026-07-13T23:04:47.738396,2026-07-13T23:04:47.747017+00:00,82.1,27,ask,DiligentDonuts,FlawlessFlatbreads,1935675
2026-07-13T23:04:47.957266,2026-07-13T23:04:47.960929+00:00,82.6,1,bid,Xuanyu Liu,DiligentDonuts,1935691
2026-07-13T23:04:48.480556,2026-07-13T23:04:48.488028+00:00,82.6,2,bid,Dinh Nguyen,DiligentDonuts,1935698
2026-07-13T23:04:48.995565,2026-07-13T23:04:49.001988+00:00,82.2,85,bid,Sze-Yong Ng,EarnestEspressos,1935713
2026-07-13T23:04:49.598088,2026-07-13T23:04:49.600439+00:00,82.2,47,bid,CostlyCorianders,EarnestEspressos,1935720
2026-07-13T23:04:49.731924,2026-07-13T23:04:49.739806+00:00,82.2,2,bid,Dinh Nguyen,EarnestEspressos,1935721
2026-07-13T23:04:49.847083,2026-07-13T23:04:49.857722+00:00,82.0,50,ask,DiligentDonuts,FlawlessFlatbreads,1935725
2026-07-13T23:04:50.025996,2026-07-13T23:04:50.028325+00:00,82.2,1,bid,Kelvin Chan,EarnestEspressos,1935726
2026-07-13T23:04:50.095715,2026-07-13T23:04:50.103743+00:00,82.2,15,bid,CostlyCorianders,EarnestEspressos,1935727
2026-07-13T23:04:50.095715,2026-07-13T23:04:50.103743+00:00,82.3,28,bid,CostlyCorianders,Andy Garg,1935728
2026-07-13T23:04:50.601013,2026-07-13T23:04:50.613448+00:00,82.4,47,bid,CostlyCorianders,Andy Garg,1935741
2026-07-13T23:04:50.994101,2026-07-13T23:04:51.004988+00:00,82.5,2,bid,Dinh Nguyen,DiligentDonuts,1935755
2026-07-13T23:04:51.953519,2026-07-13T23:04:51.957421+00:00,81.9,50,ask,Andy Garg,FlawlessFlatbreads,1935774
2026-07-13T23:04:53.583822,2026-07-13T23:04:53.595580+00:00,82.3,2,bid,Andy Garg,DiligentDonuts,1935809
2026-07-13T23:04:54.060977,2026-07-13T23:04:54.066992+00:00,82.1,50,ask,EarnestEspressos,FlawlessFlatbreads,1935815
2026-07-13T23:04:54.749521,2026-07-13T23:04:54.756719+00:00,82.3,1,bid,Dinh Nguyen,DiligentDonuts,1935834
2026-07-13T23:04:55.009037,2026-07-13T23:04:55.013053+00:00,82.1,100,ask,EarnestEspressos,DiligentDonuts,1935837
2026-07-13T23:04:55.262350,2026-07-13T23:04:55.270034+00:00,82.2,2,ask,Kelvin Chan,EarnestEspressos,1935841
2026-07-13T23:04:55.262350,2026-07-13T23:04:55.270034+00:00,81.9,50,ask,Andy Garg,EarnestEspressos,1935842
2026-07-13T23:04:56.172422,2026-07-13T23:04:56.175268+00:00,81.6,17,ask,Andy Garg,FlawlessFlatbreads,1935866
2026-07-13T23:04:56.172422,2026-07-13T23:04:56.185991+00:00,81.5,33,ask,DiligentDonuts,FlawlessFlatbreads,1935867
2026-07-13T23:04:56.221729,2026-07-13T23:04:56.228390+00:00,81.5,43,ask,DiligentDonuts,CostlyCorianders,1935868
2026-07-13T23:04:56.345120,2026-07-13T23:04:56.355492+00:00,81.9,5,bid,Andy Garg,EarnestEspressos,1935871
2026-07-13T23:04:56.668310,2026-07-13T23:04:56.672540+00:00,81.9,2,bid,Kelvin Chan,EarnestEspressos,1935873
2026-07-13T23:04:56.826109,2026-07-13T23:04:56.831188+00:00,81.9,2,bid,Kelvin Chan,EarnestEspressos,1935875
2026-07-13T23:04:57.115392,2026-07-13T23:04:57.125562+00:00,81.9,2,bid,Kelvin Chan,EarnestEspressos,1935884
2026-07-13T23:04:57.137219,2026-07-13T23:04:57.141808+00:00,81.9,3,bid,Xuanyu Liu,EarnestEspressos,1935886
2026-07-13T23:04:57.165852,2026-07-13T23:04:57.174549+00:00,81.9,2,bid,Kelvin Chan,EarnestEspressos,1935887
2026-07-13T23:04:57.205403,2026-07-13T23:04:57.217395+00:00,81.9,2,bid,Kelvin Chan,EarnestEspressos,1935888
2026-07-13T23:04:57.266236,2026-07-13T23:04:57.271148+00:00,81.9,2,bid,Kelvin Chan,EarnestEspressos,1935890
2026-07-13T23:04:57.712481,2026-07-13T23:04:57.718949+00:00,81.9,44,bid,CostlyCorianders,EarnestEspressos,1935896
2026-07-13T23:04:58.228532,2026-07-13T23:04:58.236440+00:00,81.9,34,bid,FlawlessFlatbreads,EarnestEspressos,1935920
2026-07-13T23:04:58.228532,2026-07-13T23:04:58.236440+00:00,82.2,16,bid,FlawlessFlatbreads,DiligentDonuts,1935921
2026-07-13T23:04:58.450443,2026-07-13T23:04:58.453912+00:00,82.1,3,ask,EarnestEspressos,Xuanyu Liu,1935926
2026-07-13T23:04:59.097366,2026-07-13T23:04:59.103239+00:00,82.1,40,ask,EarnestEspressos,CostlyCorianders,1935931
2026-07-13T23:04:59.700719,2026-07-13T23:04:59.710999+00:00,82.1,47,ask,EarnestEspressos,CostlyCorianders,1935946
2026-07-13T23:05:00.335716,2026-07-13T23:05:00.342282+00:00,82.2,50,bid,FlawlessFlatbreads,DiligentDonuts,1935959
2026-07-13T23:05:00.826428,2026-07-13T23:05:00.830962+00:00,82.1,40,ask,EarnestEspressos,CostlyCorianders,1935968
2026-07-13T23:05:01.743831,2026-07-13T23:05:01.754286+00:00,82.0,40,bid,CostlyCorianders,EarnestEspressos,1935981
2026-07-13T23:05:02.282848,2026-07-13T23:05:02.285525+00:00,82.0,44,bid,CostlyCorianders,EarnestEspressos,1935997
2026-07-13T23:05:02.447718,2026-07-13T23:05:02.466654+00:00,82.0,50,bid,FlawlessFlatbreads,EarnestEspressos,1936007
2026-07-13T23:05:03.420917,2026-07-13T23:05:03.427292+00:00,81.8,40,ask,DiligentDonuts,CostlyCorianders,1936020
2026-07-13T23:05:04.284008,2026-07-13T23:05:04.296555+00:00,82.0,1,bid,Kelvin Chan,EarnestEspressos,1936028
2026-07-13T23:05:04.338825,2026-07-13T23:05:04.349934+00:00,82.0,1,bid,Kelvin Chan,EarnestEspressos,1936033
2026-07-13T23:05:04.375355,2026-07-13T23:05:04.382323+00:00,82.0,1,bid,Kelvin Chan,EarnestEspressos,1936034
2026-07-13T23:05:04.553106,2026-07-13T23:05:04.564421+00:00,82.0,13,bid,FlawlessFlatbreads,EarnestEspressos,1936036
2026-07-13T23:05:04.553106,2026-07-13T23:05:04.564421+00:00,82.2,37,bid,FlawlessFlatbreads,Andy Garg,1936037
2026-07-13T23:05:06.661597,2026-07-13T23:05:06.668171+00:00,82.2,50,bid,FlawlessFlatbreads,DiligentDonuts,1936081
2026-07-13T23:05:07.026364,2026-07-13T23:05:07.029714+00:00,82.2,45,bid,CostlyCorianders,DiligentDonuts,1936088
2026-07-13T23:05:07.080565,2026-07-13T23:05:07.082860+00:00,82.1,45,ask,EarnestEspressos,CostlyCorianders,1936089
2026-07-13T23:05:08.775078,2026-07-13T23:05:08.787003+00:00,82.2,50,bid,FlawlessFlatbreads,Andy Garg,1936121
2026-07-13T23:05:09.814590,2026-07-13T23:05:09.820398+00:00,82.3,2,bid,CostlyCorianders,Kelvin Chan,1936146
2026-07-13T23:05:09.814590,2026-07-13T23:05:09.820398+00:00,82.3,45,bid,CostlyCorianders,Andy Garg,1936147
2026-07-13T23:05:09.870666,2026-07-13T23:05:09.873844+00:00,82.1,43,ask,DiligentDonuts,CostlyCorianders,1936151
2026-07-13T23:05:10.880254,2026-07-13T23:05:10.882802+00:00,82.4,50,bid,FlawlessFlatbreads,EarnestEspressos,1936168
2026-07-13T23:05:11.442976,2026-07-13T23:05:11.454334+00:00,82.4,41,ask,EarnestEspressos,CostlyCorianders,1936174
2026-07-13T23:05:11.924121,2026-07-13T23:05:11.932674+00:00,82.6,44,bid,CostlyCorianders,DiligentDonuts,1936186
2026-07-13T23:05:12.943329,2026-07-13T23:05:12.947138+00:00,82.4,3,ask,EarnestEspressos,Xuanyu Liu,1936196
2026-07-13T23:05:12.996813,2026-07-13T23:05:12.999836+00:00,82.5,50,bid,FlawlessFlatbreads,Sze-Yong Ng,1936197
2026-07-13T23:05:13.022273,2026-07-13T23:05:13.031574+00:00,82.4,50,ask,EarnestEspressos,Sze-Yong Ng,1936198
2026-07-13T23:05:13.516867,2026-07-13T23:05:13.520592+00:00,82.4,47,ask,EarnestEspressos,CostlyCorianders,1936204
2026-07-13T23:05:13.575525,2026-07-13T23:05:13.584089+00:00,82.4,9,ask,EarnestEspressos,Dinh Nguyen,1936206
2026-07-13T23:05:14.223909,2026-07-13T23:05:14.227787+00:00,82.1,50,ask,Andy Garg,EarnestEspressos,1936229
2026-07-13T23:05:14.223909,2026-07-13T23:05:14.227787+00:00,82.1,5,ask,Kelvin Chan,EarnestEspressos,1936230
2026-07-13T23:05:14.223909,2026-07-13T23:05:14.238577+00:00,82.1,95,ask,DiligentDonuts,EarnestEspressos,1936231
2026-07-13T23:05:15.163881,2026-07-13T23:05:15.171753+00:00,82.1,5,ask,Kelvin Chan,FlawlessFlatbreads,1936245
2026-07-13T23:05:15.163881,2026-07-13T23:05:15.182663+00:00,82.1,5,ask,DiligentDonuts,FlawlessFlatbreads,1936246
2026-07-13T23:05:15.163881,2026-07-13T23:05:15.182663+00:00,82.0,40,ask,Andy Garg,FlawlessFlatbreads,1936247
2026-07-13T23:05:15.733340,2026-07-13T23:05:15.739818+00:00,82.5,45,bid,CostlyCorianders,Andy Garg,1936260
2026-07-13T23:05:16.395397,2026-07-13T23:05:16.410054+00:00,82.1,5,ask,Kelvin Chan,CostlyCorianders,1936273
2026-07-13T23:05:16.395397,2026-07-13T23:05:16.410054+00:00,82.1,41,ask,Andy Garg,CostlyCorianders,1936274
2026-07-13T23:05:17.272747,2026-07-13T23:05:17.282991+00:00,82.1,5,ask,Kelvin Chan,FlawlessFlatbreads,1936296
2026-07-13T23:05:17.272747,2026-07-13T23:05:17.282991+00:00,82.0,41,ask,Andy Garg,FlawlessFlatbreads,1936297
2026-07-13T23:05:17.272747,2026-07-13T23:05:17.282991+00:00,81.9,4,ask,DiligentDonuts,FlawlessFlatbreads,1936298
2026-07-13T23:05:19.380612,2026-07-13T23:05:19.386215+00:00,82.3,50,ask,EarnestEspressos,FlawlessFlatbreads,1936327
2026-07-13T23:05:19.530456,2026-07-13T23:05:19.535436+00:00,82.3,50,ask,EarnestEspressos,Andy Garg,1936333
2026-07-13T23:05:19.542190,2026-07-13T23:05:19.546035+00:00,82.3,50,ask,EarnestEspressos,Andy Garg,1936334
2026-07-13T23:05:20.544301,2026-07-13T23:05:20.557593+00:00,82.1,1,ask,Kelvin Chan,EarnestEspressos,1936351
2026-07-13T23:05:20.544301,2026-07-13T23:05:20.557593+00:00,82.0,50,ask,Andy Garg,EarnestEspressos,1936352
2026-07-13T23:05:20.552876,2026-07-13T23:05:20.557593+00:00,82.0,3,bid,Xuanyu Liu,EarnestEspressos,1936353
2026-07-13T23:05:20.671921,2026-07-13T23:05:20.677211+00:00,82.0,78,bid,Sze-Yong Ng,EarnestEspressos,1936358
2026-07-13T23:05:20.862221,2026-07-13T23:05:20.869420+00:00,82.0,5,bid,Andy Garg,EarnestEspressos,1936364
2026-07-13T23:05:21.480006,2026-07-13T23:05:21.489446+00:00,82.0,13,bid,Andy Garg,EarnestEspressos,1936378
2026-07-13T23:05:21.488219,2026-07-13T23:05:21.500037+00:00,82.0,32,ask,Andy Garg,FlawlessFlatbreads,1936379
2026-07-13T23:05:21.488219,2026-07-13T23:05:21.500037+00:00,81.9,18,ask,Sze-Yong Ng,FlawlessFlatbreads,1936380
2026-07-13T23:05:21.591555,2026-07-13T23:05:21.595162+00:00,82.2,42,bid,CostlyCorianders,DiligentDonuts,1936384
2026-07-13T23:05:22.198568,2026-07-13T23:05:22.209961+00:00,82.2,2,bid,Dinh Nguyen,DiligentDonuts,1936398
2026-07-13T23:05:23.452577,2026-07-13T23:05:23.459705+00:00,82.3,2,bid,Dinh Nguyen,Andy Garg,1936419
2026-07-13T23:05:23.597433,2026-07-13T23:05:23.609069+00:00,81.9,50,ask,DiligentDonuts,FlawlessFlatbreads,1936423
2026-07-13T23:05:24.871187,2026-07-13T23:05:24.880286+00:00,82.3,45,bid,CostlyCorianders,Andy Garg,1936443
2026-07-13T23:05:25.706992,2026-07-13T23:05:25.713276+00:00,82.2,50,ask,EarnestEspressos,FlawlessFlatbreads,1936461
2026-07-13T23:05:25.964011,2026-07-13T23:05:25.968925+00:00,82.2,44,ask,EarnestEspressos,CostlyCorianders,1936468
2026-07-13T23:05:26.674047,2026-07-13T23:05:26.682893+00:00,82.2,56,ask,EarnestEspressos,DiligentDonuts,1936475
2026-07-13T23:05:27.214595,2026-07-13T23:05:27.216451+00:00,82.1,2,bid,Dinh Nguyen,EarnestEspressos,1936481
2026-07-13T23:05:27.813487,2026-07-13T23:05:27.825232+00:00,81.8,47,ask,Andy Garg,FlawlessFlatbreads,1936493
2026-07-13T23:05:27.813487,2026-07-13T23:05:27.825232+00:00,81.7,3,ask,DiligentDonuts,FlawlessFlatbreads,1936494
2026-07-13T23:05:28.018308,2026-07-13T23:05:28.027515+00:00,82.1,43,bid,CostlyCorianders,EarnestEspressos,1936497
2026-07-13T23:05:28.471566,2026-07-13T23:05:28.482956+00:00,82.1,2,bid,Dinh Nguyen,EarnestEspressos,1936503
2026-07-13T23:05:29.501529,2026-07-13T23:05:29.507069+00:00,81.7,45,ask,DiligentDonuts,CostlyCorianders,1936519
2026-07-13T23:05:29.725449,2026-07-13T23:05:29.728433+00:00,82.1,2,bid,Dinh Nguyen,EarnestEspressos,1936528
2026-07-13T23:05:29.923314,2026-07-13T23:05:29.929633+00:00,81.8,50,ask,DiligentDonuts,FlawlessFlatbreads,1936530
2026-07-13T23:05:30.012975,2026-07-13T23:05:30.024970+00:00,82.3,46,bid,CostlyCorianders,Andy Garg,1936533
2026-07-13T23:05:30.968039,2026-07-13T23:05:30.976702+00:00,82.3,2,bid,Dinh Nguyen,DiligentDonuts,1936552
2026-07-13T23:05:31.128190,2026-07-13T23:05:31.136695+00:00,82.3,46,bid,CostlyCorianders,DiligentDonuts,1936556
2026-07-13T23:05:32.028602,2026-07-13T23:05:32.034408+00:00,81.9,46,ask,Andy Garg,FlawlessFlatbreads,1936571
2026-07-13T23:05:32.028602,2026-07-13T23:05:32.034408+00:00,81.8,4,ask,DiligentDonuts,FlawlessFlatbreads,1936572
2026-07-13T23:05:32.210546,2026-07-13T23:05:32.219260+00:00,82.3,2,bid,Dinh Nguyen,DiligentDonuts,1936576
2026-07-13T23:05:32.685547,2026-07-13T23:05:32.688454+00:00,81.8,42,ask,DiligentDonuts,CostlyCorianders,1936579
2026-07-13T23:05:33.470654,2026-07-13T23:05:33.477936+00:00,82.2,2,bid,Dinh Nguyen,DiligentDonuts,1936594
2026-07-13T23:05:34.072656,2026-07-13T23:05:34.075074+00:00,82.2,5,bid,Andy Garg,DiligentDonuts,1936611
2026-07-13T23:05:34.136106,2026-07-13T23:05:34.138683+00:00,82.0,4,ask,Sze-Yong Ng,FlawlessFlatbreads,1936612
2026-07-13T23:05:34.136106,2026-07-13T23:05:34.149366+00:00,81.9,46,ask,EarnestEspressos,FlawlessFlatbreads,1936613
2026-07-13T23:05:34.728571,2026-07-13T23:05:34.733484+00:00,82.2,1,bid,Dinh Nguyen,DiligentDonuts,1936625
2026-07-13T23:05:36.247825,2026-07-13T23:05:36.259088+00:00,81.9,4,ask,Xinhong Shan,FlawlessFlatbreads,1936657
2026-07-13T23:05:36.247825,2026-07-13T23:05:36.259088+00:00,81.8,46,ask,DiligentDonuts,FlawlessFlatbreads,1936658
2026-07-13T23:05:37.201282,2026-07-13T23:05:37.213215+00:00,81.8,46,ask,DiligentDonuts,CostlyCorianders,1936667
2026-07-13T23:05:38.354373,2026-07-13T23:05:38.356839+00:00,81.8,8,ask,DiligentDonuts,FlawlessFlatbreads,1936684
2026-07-13T23:05:38.354373,2026-07-13T23:05:38.367327+00:00,81.8,4,ask,Xinhong Shan,FlawlessFlatbreads,1936685
2026-07-13T23:05:38.354373,2026-07-13T23:05:38.367327+00:00,81.7,5,ask,Kelvin Chan,FlawlessFlatbreads,1936686
2026-07-13T23:05:38.354373,2026-07-13T23:05:38.367327+00:00,81.7,33,ask,EarnestEspressos,FlawlessFlatbreads,1936687
2026-07-13T23:05:39.383384,2026-07-13T23:05:39.388175+00:00,82.0,3,bid,Xuanyu Liu,DiligentDonuts,1936707
2026-07-13T23:05:40.465629,2026-07-13T23:05:40.476215+00:00,81.9,13,ask,Sze-Yong Ng,FlawlessFlatbreads,1936728
2026-07-13T23:05:40.465629,2026-07-13T23:05:40.476215+00:00,81.8,4,ask,Xinhong Shan,FlawlessFlatbreads,1936729
2026-07-13T23:05:40.465629,2026-07-13T23:05:40.476215+00:00,81.6,33,ask,EarnestEspressos,FlawlessFlatbreads,1936730
2026-07-13T23:05:42.575813,2026-07-13T23:05:42.582491+00:00,81.7,3,ask,Kelvin Chan,FlawlessFlatbreads,1936766
2026-07-13T23:05:42.575813,2026-07-13T23:05:42.582491+00:00,81.7,4,ask,Xinhong Shan,FlawlessFlatbreads,1936767
2026-07-13T23:05:42.575813,2026-07-13T23:05:42.582491+00:00,81.3,43,ask,DiligentDonuts,FlawlessFlatbreads,1936768
2026-07-13T23:05:43.163190,2026-07-13T23:05:43.166541+00:00,81.8,32,bid,Xuanyu Liu,DiligentDonuts,1936790
2026-07-13T23:05:43.235838,2026-07-13T23:05:43.240605+00:00,81.8,17,bid,Sze-Yong Ng,DiligentDonuts,1936791
2026-07-13T23:05:43.997864,2026-07-13T23:05:44.004383+00:00,81.8,46,bid,CostlyCorianders,DiligentDonuts,1936802
2026-07-13T23:05:47.091798,2026-07-13T23:05:47.097269+00:00,81.7,1,ask,Kelvin Chan,Xuanyu Liu,1936859
2026-07-13T23:05:47.091798,2026-07-13T23:05:47.097269+00:00,81.7,10,ask,DiligentDonuts,Xuanyu Liu,1936860
2026-07-13T23:05:47.289231,2026-07-13T23:05:47.294987+00:00,81.8,5,bid,CostlyCorianders,Xinhong Shan,1936866
2026-07-13T23:05:47.289231,2026-07-13T23:05:47.294987+00:00,82.0,35,bid,CostlyCorianders,EarnestEspressos,1936867
2026-07-13T23:05:47.922978,2026-07-13T23:05:47.926290+00:00,81.7,47,ask,DiligentDonuts,CostlyCorianders,1936880
2026-07-13T23:05:48.899495,2026-07-13T23:05:48.902799+00:00,81.7,1,ask,Kelvin Chan,FlawlessFlatbreads,1936900
2026-07-13T23:05:48.899495,2026-07-13T23:05:48.913823+00:00,81.7,4,ask,Xinhong Shan,FlawlessFlatbreads,1936901
2026-07-13T23:05:48.899495,2026-07-13T23:05:48.913823+00:00,81.5,45,ask,DiligentDonuts,FlawlessFlatbreads,1936902
2026-07-13T23:05:50.872834,2026-07-13T23:05:50.881394+00:00,81.7,2,ask,Kelvin Chan,CostlyCorianders,1936939
2026-07-13T23:05:50.872834,2026-07-13T23:05:50.881394+00:00,81.7,5,ask,Xinhong Shan,CostlyCorianders,1936940
2026-07-13T23:05:50.956383,2026-07-13T23:05:50.967810+00:00,82.0,50,bid,FlawlessFlatbreads,DiligentDonuts,1936942
2026-07-13T23:05:53.063341,2026-07-13T23:05:53.065913+00:00,82.0,5,bid,FlawlessFlatbreads,Xinhong Shan,1936994
2026-07-13T23:05:53.063341,2026-07-13T23:05:53.076622+00:00,82.1,1,bid,FlawlessFlatbreads,Kelvin Chan,1936995
2026-07-13T23:05:53.063341,2026-07-13T23:05:53.076622+00:00,82.1,44,bid,FlawlessFlatbreads,DiligentDonuts,1936996
2026-07-13T23:05:53.518689,2026-07-13T23:05:53.525643+00:00,82.1,40,bid,CostlyCorianders,DiligentDonuts,1937006
2026-07-13T23:05:54.537246,2026-07-13T23:05:54.546710+00:00,81.7,2,ask,Kelvin Chan,CostlyCorianders,1937020
2026-07-13T23:05:54.537246,2026-07-13T23:05:54.546710+00:00,81.7,46,ask,EarnestEspressos,CostlyCorianders,1937021
2026-07-13T23:05:55.176298,2026-07-13T23:05:55.188342+00:00,82.1,5,bid,FlawlessFlatbreads,Xinhong Shan,1937035
2026-07-13T23:05:55.176298,2026-07-13T23:05:55.188342+00:00,82.2,45,bid,FlawlessFlatbreads,EarnestEspressos,1937036
2026-07-13T23:05:55.649943,2026-07-13T23:05:55.659318+00:00,82.2,47,bid,CostlyCorianders,EarnestEspressos,1937045
2026-07-13T23:05:57.266362,2026-07-13T23:05:57.275507+00:00,81.8,43,ask,DiligentDonuts,CostlyCorianders,1937078
2026-07-13T23:05:57.758421,2026-07-13T23:05:57.767023+00:00,81.8,49,ask,DiligentDonuts,CostlyCorianders,1937093
2026-07-13T23:05:58.880347,2026-07-13T23:05:58.884197+00:00,82.0,11,bid,Xuanyu Liu,DiligentDonuts,1937117
2026-07-13T23:05:59.389254,2026-07-13T23:05:59.398010+00:00,82.0,50,bid,FlawlessFlatbreads,DiligentDonuts,1937122
2026-07-13T23:06:00.256407,2026-07-13T23:06:00.267066+00:00,82.0,39,bid,CostlyCorianders,DiligentDonuts,1937137
2026-07-13T23:06:00.256407,2026-07-13T23:06:00.267066+00:00,82.0,2,bid,CostlyCorianders,Xinhong Shan,1937138
2026-07-13T23:06:01.497332,2026-07-13T23:06:01.499249+00:00,82.0,4,bid,FlawlessFlatbreads,Xinhong Shan,1937172
2026-07-13T23:06:01.497332,2026-07-13T23:06:01.509928+00:00,82.3,46,bid,FlawlessFlatbreads,EarnestEspressos,1937173
2026-07-13T23:06:01.608333,2026-07-13T23:06:01.612110+00:00,81.9,11,ask,EarnestEspressos,Xuanyu Liu,1937178
2026-07-13T23:06:02.216321,2026-07-13T23:06:02.219749+00:00,81.9,48,ask,EarnestEspressos,CostlyCorianders,1937182
2026-07-13T23:06:02.853693,2026-07-13T23:06:02.861848+00:00,82.2,46,bid,CostlyCorianders,DiligentDonuts,1937207
2026-07-13T23:06:03.617219,2026-07-13T23:06:03.623589+00:00,82.2,50,bid,FlawlessFlatbreads,DiligentDonuts,1937218
2026-07-13T23:06:04.574883,2026-07-13T23:06:04.578001+00:00,81.9,41,ask,EarnestEspressos,CostlyCorianders,1937234
2026-07-13T23:06:04.622259,2026-07-13T23:06:04.626539+00:00,82.1,10,ask,DiligentDonuts,Xuanyu Liu,1937235
2026-07-13T23:06:04.830685,2026-07-13T23:06:04.840855+00:00,82.1,90,ask,DiligentDonuts,EarnestEspressos,1937239
2026-07-13T23:06:05.466093,2026-07-13T23:06:05.477109+00:00,82.1,40,bid,CostlyCorianders,EarnestEspressos,1937261
2026-07-13T23:06:05.722365,2026-07-13T23:06:05.732707+00:00,82.1,20,bid,FlawlessFlatbreads,EarnestEspressos,1937266
2026-07-13T23:06:05.722365,2026-07-13T23:06:05.732707+00:00,82.1,4,bid,FlawlessFlatbreads,Xinhong Shan,1937267
2026-07-13T23:06:05.722365,2026-07-13T23:06:05.732707+00:00,82.4,26,bid,FlawlessFlatbreads,Andy Garg,1937268
2026-07-13T23:06:07.401507,2026-07-13T23:06:07.412399+00:00,82.1,21,ask,Andy Garg,CostlyCorianders,1937302
2026-07-13T23:06:07.401507,2026-07-13T23:06:07.412399+00:00,82.0,4,ask,Xinhong Shan,CostlyCorianders,1937303
2026-07-13T23:06:07.853064,2026-07-13T23:06:07.867207+00:00,82.3,50,bid,FlawlessFlatbreads,DiligentDonuts,1937317
2026-07-13T23:06:07.957413,2026-07-13T23:06:07.961847+00:00,82.2,11,ask,EarnestEspressos,Xuanyu Liu,1937325
2026-07-13T23:06:07.978328,2026-07-13T23:06:07.984026+00:00,82.2,3,ask,EarnestEspressos,Sze-Yong Ng,1937327
2026-07-13T23:06:08.112364,2026-07-13T23:06:08.117699+00:00,82.2,3,ask,EarnestEspressos,Xuanyu Liu,1937338
2026-07-13T23:06:08.180618,2026-07-13T23:06:08.183072+00:00,82.2,50,ask,EarnestEspressos,Andy Garg,1937339
2026-07-13T23:06:08.200628,2026-07-13T23:06:08.205059+00:00,82.2,83,ask,EarnestEspressos,Sze-Yong Ng,1937341
2026-07-13T23:06:09.959888,2026-07-13T23:06:09.970711+00:00,82.3,50,bid,FlawlessFlatbreads,DiligentDonuts,1937376
2026-07-13T23:06:10.524722,2026-07-13T23:06:10.536139+00:00,82.3,4,bid,CostlyCorianders,Xinhong Shan,1937391
2026-07-13T23:06:10.524722,2026-07-13T23:06:10.536139+00:00,82.5,39,bid,CostlyCorianders,Andy Garg,1937392
2026-07-13T23:06:11.160724,2026-07-13T23:06:11.166234+00:00,82.1,4,ask,Xinhong Shan,EarnestEspressos,1937401
2026-07-13T23:06:11.160724,2026-07-13T23:06:11.166234+00:00,82.1,50,ask,Andy Garg,EarnestEspressos,1937402
2026-07-13T23:06:11.160724,2026-07-13T23:06:11.166234+00:00,82.0,96,ask,DiligentDonuts,EarnestEspressos,1937403
2026-07-13T23:06:12.065770,2026-07-13T23:06:12.070912+00:00,82.4,50,bid,FlawlessFlatbreads,Andy Garg,1937423
2026-07-13T23:06:14.171355,2026-07-13T23:06:14.175287+00:00,82.5,4,bid,FlawlessFlatbreads,Xinhong Shan,1937470
2026-07-13T23:06:14.171355,2026-07-13T23:06:14.175287+00:00,82.6,46,bid,FlawlessFlatbreads,Andy Garg,1937471
2026-07-13T23:06:14.229066,2026-07-13T23:06:14.240945+00:00,82.3,34,bid,Sze-Yong Ng,DiligentDonuts,1937473
2026-07-13T23:06:14.326685,2026-07-13T23:06:14.338599+00:00,82.3,50,bid,Andy Garg,DiligentDonuts,1937476
2026-07-13T23:06:14.655500,2026-07-13T23:06:14.658544+00:00,82.3,16,bid,Sze-Yong Ng,DiligentDonuts,1937486
2026-07-13T23:06:16.278895,2026-07-13T23:06:16.281799+00:00,82.6,50,bid,FlawlessFlatbreads,Andy Garg,1937518
2026-07-13T23:06:17.096637,2026-07-13T23:06:17.099910+00:00,82.3,48,ask,Andy Garg,CostlyCorianders,1937535
2026-07-13T23:06:18.406267,2026-07-13T23:06:18.414119+00:00,82.6,50,bid,FlawlessFlatbreads,Andy Garg,1937563
2026-07-13T23:06:20.512511,2026-07-13T23:06:20.524767+00:00,82.6,4,bid,FlawlessFlatbreads,Xinhong Shan,1937594
2026-07-13T23:06:20.512511,2026-07-13T23:06:20.524767+00:00,82.7,46,bid,FlawlessFlatbreads,EarnestEspressos,1937595
2026-07-13T23:06:21.558883,2026-07-13T23:06:21.563764+00:00,82.6,42,bid,CostlyCorianders,Sze-Yong Ng,1937613
2026-07-13T23:06:22.060573,2026-07-13T23:06:22.065991+00:00,82.5,13,ask,EarnestEspressos,Sze-Yong Ng,1937623
2026-07-13T23:06:22.200496,2026-07-13T23:06:22.204346+00:00,82.5,5,ask,EarnestEspressos,Kelvin Chan,1937624
2026-07-13T23:06:22.398521,2026-07-13T23:06:22.405993+00:00,82.5,5,ask,EarnestEspressos,Kelvin Chan,1937627
2026-07-13T23:06:22.448472,2026-07-13T23:06:22.459419+00:00,82.5,5,ask,EarnestEspressos,Kelvin Chan,1937631
2026-07-13T23:06:22.523734,2026-07-13T23:06:22.527278+00:00,82.5,3,ask,EarnestEspressos,Xuanyu Liu,1937635
2026-07-13T23:06:22.573958,2026-07-13T23:06:22.582037+00:00,82.5,39,ask,EarnestEspressos,Sze-Yong Ng,1937636
2026-07-13T23:06:22.624228,2026-07-13T23:06:22.635974+00:00,82.6,4,bid,FlawlessFlatbreads,Xinhong Shan,1937637
2026-07-13T23:06:22.624228,2026-07-13T23:06:22.635974+00:00,82.6,46,bid,FlawlessFlatbreads,Andy Garg,1937638
2026-07-13T23:06:22.731335,2026-07-13T23:06:22.741849+00:00,82.5,5,ask,EarnestEspressos,Kelvin Chan,1937639
2026-07-13T23:06:23.041314,2026-07-13T23:06:23.043839+00:00,82.5,4,ask,Xinhong Shan,DiligentDonuts,1937641
2026-07-13T23:06:23.138191,2026-07-13T23:06:23.140635+00:00,82.5,41,ask,EarnestEspressos,CostlyCorianders,1937643
2026-07-13T23:06:23.208262,2026-07-13T23:06:23.215619+00:00,82.5,4,ask,EarnestEspressos,Kelvin Chan,1937644
2026-07-13T23:06:23.226044,2026-07-13T23:06:23.237241+00:00,82.5,25,ask,EarnestEspressos,Dinh Nguyen,1937645
2026-07-13T23:06:23.667442,2026-07-13T23:06:23.672812+00:00,82.5,1,ask,EarnestEspressos,DiligentDonuts,1937661
2026-07-13T23:06:23.667442,2026-07-13T23:06:23.672812+00:00,82.5,4,ask,EarnestEspressos,Kelvin Chan,1937662
2026-07-13T23:06:23.804477,2026-07-13T23:06:23.816763+00:00,82.3,50,ask,Andy Garg,EarnestEspressos,1937667
2026-07-13T23:06:23.804477,2026-07-13T23:06:23.816763+00:00,82.2,2,ask,Kelvin Chan,EarnestEspressos,1937668
2026-07-13T23:06:23.813178,2026-07-13T23:06:23.816763+00:00,82.2,3,bid,Xuanyu Liu,EarnestEspressos,1937669
2026-07-13T23:06:23.955062,2026-07-13T23:06:23.957724+00:00,82.2,95,bid,Sze-Yong Ng,EarnestEspressos,1937677
2026-07-13T23:06:24.730180,2026-07-13T23:06:24.733183+00:00,82.5,50,bid,FlawlessFlatbreads,DiligentDonuts,1937691
2026-07-13T23:06:26.145430,2026-07-13T23:06:26.152113+00:00,82.3,4,ask,Xinhong Shan,Sze-Yong Ng,1937719
2026-07-13T23:06:26.286143,2026-07-13T23:06:26.289910+00:00,82.4,4,bid,CostlyCorianders,Xinhong Shan,1937722
2026-07-13T23:06:26.286143,2026-07-13T23:06:26.289910+00:00,82.5,45,bid,CostlyCorianders,DiligentDonuts,1937723
2026-07-13T23:06:27.899619,2026-07-13T23:06:27.905915+00:00,82.4,12,ask,DiligentDonuts,Andy Garg,1937764
2026-07-13T23:06:28.991786,2026-07-13T23:06:28.995664+00:00,82.4,50,ask,DiligentDonuts,FlawlessFlatbreads,1937786
2026-07-13T23:06:29.195436,2026-07-13T23:06:29.201901+00:00,82.4,38,ask,DiligentDonuts,Sze-Yong Ng,1937791
2026-07-13T23:06:29.195436,2026-07-13T23:06:29.201901+00:00,82.4,14,ask,EarnestEspressos,Sze-Yong Ng,1937792
2026-07-13T23:06:31.097762,2026-07-13T23:06:31.104225+00:00,82.4,4,ask,Xinhong Shan,FlawlessFlatbreads,1937823
2026-07-13T23:06:31.097762,2026-07-13T23:06:31.104225+00:00,82.3,46,ask,Andy Garg,FlawlessFlatbreads,1937824
2026-07-13T23:06:33.206722,2026-07-13T23:06:33.210427+00:00,82.3,4,ask,Xinhong Shan,FlawlessFlatbreads,1937875
2026-07-13T23:06:33.206722,2026-07-13T23:06:33.210427+00:00,82.2,1,ask,Kelvin Chan,FlawlessFlatbreads,1937876
2026-07-13T23:06:35.314198,2026-07-13T23:06:35.324520+00:00,82.2,50,ask,EarnestEspressos,FlawlessFlatbreads,1937905
2026-07-13T23:06:36.576029,2026-07-13T23:06:36.580802+00:00,82.2,4,ask,Xinhong Shan,CostlyCorianders,1937943
2026-07-13T23:06:36.576029,2026-07-13T23:06:36.580802+00:00,82.0,45,ask,Andy Garg,CostlyCorianders,1937944
2026-07-13T23:06:37.420197,2026-07-13T23:06:37.429691+00:00,81.9,50,ask,EarnestEspressos,FlawlessFlatbreads,1937954
2026-07-13T23:06:39.114121,2026-07-13T23:06:39.116688+00:00,82.2,1,bid,Kelvin Chan,Andy Garg,1937989
2026-07-13T23:06:39.327858,2026-07-13T23:06:39.334927+00:00,82.2,47,bid,CostlyCorianders,Andy Garg,1937996
2026-07-13T23:06:39.526565,2026-07-13T23:06:39.538025+00:00,81.9,50,ask,Andy Garg,FlawlessFlatbreads,1938008
2026-07-13T23:06:41.012236,2026-07-13T23:06:41.018617+00:00,81.9,4,ask,Xinhong Shan,CostlyCorianders,1938036
2026-07-13T23:06:41.012236,2026-07-13T23:06:41.018617+00:00,81.8,38,ask,Andy Garg,CostlyCorianders,1938037
2026-07-13T23:06:41.633387,2026-07-13T23:06:41.645193+00:00,81.7,50,ask,DiligentDonuts,FlawlessFlatbreads,1938051
2026-07-13T23:06:42.113323,2026-07-13T23:06:42.121764+00:00,82.1,3,bid,Kelvin Chan,EarnestEspressos,1938060
2026-07-13T23:06:43.540426,2026-07-13T23:06:43.549887+00:00,82.1,4,bid,Sze-Yong Ng,Xinhong Shan,1938089
2026-07-13T23:06:43.625084,2026-07-13T23:06:43.637151+00:00,82.1,35,ask,Sze-Yong Ng,CostlyCorianders,1938092
2026-07-13T23:06:43.625084,2026-07-13T23:06:43.637151+00:00,82.0,3,ask,Kelvin Chan,CostlyCorianders,1938093
2026-07-13T23:06:43.625084,2026-07-13T23:06:43.637151+00:00,82.0,4,ask,Xinhong Shan,CostlyCorianders,1938094
2026-07-13T23:06:43.738733,2026-07-13T23:06:43.744311+00:00,81.9,14,ask,Andy Garg,FlawlessFlatbreads,1938095
2026-07-13T23:06:43.738733,2026-07-13T23:06:43.744311+00:00,81.8,36,ask,DiligentDonuts,FlawlessFlatbreads,1938096
2026-07-13T23:06:45.846164,2026-07-13T23:06:45.852937+00:00,82.0,2,ask,Kelvin Chan,FlawlessFlatbreads,1938136
2026-07-13T23:06:45.846164,2026-07-13T23:06:45.852937+00:00,82.0,4,ask,Xinhong Shan,FlawlessFlatbreads,1938137
2026-07-13T23:06:45.846164,2026-07-13T23:06:45.852937+00:00,81.7,44,ask,DiligentDonuts,FlawlessFlatbreads,1938138
2026-07-13T23:06:46.389648,2026-07-13T23:06:46.392471+00:00,82.2,2,bid,Dinh Nguyen,DiligentDonuts,1938157
2026-07-13T23:06:47.639652,2026-07-13T23:06:47.650335+00:00,82.2,2,bid,Dinh Nguyen,DiligentDonuts,1938183
2026-07-13T23:06:47.789724,2026-07-13T23:06:47.798658+00:00,82.2,45,bid,CostlyCorianders,DiligentDonuts,1938185
2026-07-13T23:06:47.956142,2026-07-13T23:06:47.968037+00:00,81.8,50,ask,EarnestEspressos,FlawlessFlatbreads,1938189
2026-07-13T23:06:48.891672,2026-07-13T23:06:48.901792+00:00,82.2,2,bid,Dinh Nguyen,Xinhong Shan,1938206
2026-07-13T23:06:48.960576,2026-07-13T23:06:48.965656+00:00,82.0,5,ask,Kelvin Chan,CostlyCorianders,1938208
2026-07-13T23:06:49.540580,2026-07-13T23:06:49.549441+00:00,82.1,40,bid,CostlyCorianders,EarnestEspressos,1938221
2026-07-13T23:06:50.010726,2026-07-13T23:06:50.014229+00:00,82.1,50,bid,FlawlessFlatbreads,EarnestEspressos,1938243
2026-07-13T23:06:50.126667,2026-07-13T23:06:50.131611+00:00,82.1,2,bid,Dinh Nguyen,EarnestEspressos,1938247
2026-07-13T23:06:50.577265,2026-07-13T23:06:50.582215+00:00,82.1,47,bid,CostlyCorianders,EarnestEspressos,1938254
2026-07-13T23:06:51.364662,2026-07-13T23:06:51.368405+00:00,82.1,2,bid,Dinh Nguyen,EarnestEspressos,1938274
2026-07-13T23:06:51.815616,2026-07-13T23:06:51.825932+00:00,82.1,9,bid,Sze-Yong Ng,EarnestEspressos,1938280
2026-07-13T23:06:51.815616,2026-07-13T23:06:51.825932+00:00,82.1,4,bid,Sze-Yong Ng,Xinhong Shan,1938281
2026-07-13T23:06:52.123690,2026-07-13T23:06:52.135723+00:00,82.2,1,bid,FlawlessFlatbreads,Kelvin Chan,1938291
2026-07-13T23:06:52.123690,2026-07-13T23:06:52.135723+00:00,82.4,49,bid,FlawlessFlatbreads,Andy Garg,1938292
2026-07-13T23:06:52.197324,2026-07-13T23:06:52.199389+00:00,82.3,100,bid,EarnestEspressos,DiligentDonuts,1938297
2026-07-13T23:06:53.297264,2026-07-13T23:06:53.308031+00:00,82.3,46,ask,EarnestEspressos,CostlyCorianders,1938321
2026-07-13T23:06:55.416275,2026-07-13T23:06:55.470247+00:00,82.3,4,ask,Xinhong Shan,EarnestEspressos,1938369
2026-07-13T23:06:56.359653,2026-07-13T23:06:56.362331+00:00,82.2,2,bid,Dinh Nguyen,EarnestEspressos,1938386
2026-07-13T23:06:58.348270,2026-07-13T23:06:58.359293+00:00,82.1,49,ask,DiligentDonuts,CostlyCorianders,1938425
2026-07-13T23:06:58.437020,2026-07-13T23:06:58.443507+00:00,82.2,50,bid,FlawlessFlatbreads,EarnestEspressos,1938427
2026-07-13T23:06:58.909602,2026-07-13T23:06:58.917053+00:00,82.2,4,bid,CostlyCorianders,Xinhong Shan,1938441
2026-07-13T23:06:58.909602,2026-07-13T23:06:58.917053+00:00,82.2,36,bid,CostlyCorianders,DiligentDonuts,1938442
2026-07-13T23:06:58.965291,2026-07-13T23:06:58.970862+00:00,82.1,4,ask,Xinhong Shan,CostlyCorianders,1938443
2026-07-13T23:06:58.965291,2026-07-13T23:06:58.970862+00:00,82.0,3,ask,Kelvin Chan,CostlyCorianders,1938444
2026-07-13T23:07:00.576045,2026-07-13T23:07:00.582079+00:00,82.2,5,bid,Andy Garg,DiligentDonuts,1938480
2026-07-13T23:07:00.594584,2026-07-13T23:07:00.603732+00:00,81.9,44,ask,Andy Garg,FlawlessFlatbreads,1938482
2026-07-13T23:07:00.594584,2026-07-13T23:07:00.603732+00:00,81.8,4,ask,Xinhong Shan,FlawlessFlatbreads,1938483
2026-07-13T23:07:00.594584,2026-07-13T23:07:00.603732+00:00,81.7,2,ask,DiligentDonuts,FlawlessFlatbreads,1938484
2026-07-13T23:07:01.584972,2026-07-13T23:07:01.589141+00:00,82.2,100,bid,DiligentDonuts,EarnestEspressos,1938493
2026-07-13T23:07:01.687506,2026-07-13T23:07:01.696855+00:00,82.2,5,bid,EarnestEspressos,Xinhong Shan,1938497
2026-07-13T23:07:01.687506,2026-07-13T23:07:01.696855+00:00,82.3,5,bid,EarnestEspressos,Kelvin Chan,1938498
2026-07-13T23:07:01.826579,2026-07-13T23:07:01.836685+00:00,82.4,5,ask,EarnestEspressos,Kelvin Chan,1938507
2026-07-13T23:07:02.050738,2026-07-13T23:07:02.060109+00:00,82.4,5,ask,EarnestEspressos,Kelvin Chan,1938511
2026-07-13T23:07:02.146224,2026-07-13T23:07:02.155773+00:00,82.4,45,ask,EarnestEspressos,CostlyCorianders,1938512
2026-07-13T23:07:02.702367,2026-07-13T23:07:02.711831+00:00,82.4,50,ask,EarnestEspressos,FlawlessFlatbreads,1938528
2026-07-13T23:07:03.188527,2026-07-13T23:07:03.192204+00:00,82.4,3,ask,EarnestEspressos,Xuanyu Liu,1938540
2026-07-13T23:07:03.259781,2026-07-13T23:07:03.266704+00:00,82.4,32,ask,EarnestEspressos,Sze-Yong Ng,1938541
2026-07-13T23:07:03.259781,2026-07-13T23:07:03.266704+00:00,82.4,4,ask,Xinhong Shan,Sze-Yong Ng,1938542
2026-07-13T23:07:04.714634,2026-07-13T23:07:04.727137+00:00,82.4,49,bid,CostlyCorianders,Sze-Yong Ng,1938574
2026-07-13T23:07:04.804101,2026-07-13T23:07:04.807474+00:00,82.3,3,bid,Xuanyu Liu,DiligentDonuts,1938577
2026-07-13T23:07:04.831844,2026-07-13T23:07:04.839588+00:00,81.8,50,ask,DiligentDonuts,FlawlessFlatbreads,1938580
2026-07-13T23:07:04.907429,2026-07-13T23:07:04.914337+00:00,81.9,33,ask,Sze-Yong Ng,Andy Garg,1938582
2026-07-13T23:07:05.831141,2026-07-13T23:07:05.843260+00:00,82.1,39,ask,Sze-Yong Ng,CostlyCorianders,1938602
2026-07-13T23:07:05.831141,2026-07-13T23:07:05.843260+00:00,82.0,5,ask,Andy Garg,CostlyCorianders,1938603
2026-07-13T23:07:06.857277,2026-07-13T23:07:06.861282+00:00,82.2,44,bid,CostlyCorianders,EarnestEspressos,1938620
2026-07-13T23:07:07.291250,2026-07-13T23:07:07.298395+00:00,82.2,5,bid,Andy Garg,EarnestEspressos,1938630
2026-07-13T23:07:07.333722,2026-07-13T23:07:07.341149+00:00,82.2,22,bid,Sze-Yong Ng,EarnestEspressos,1938631
2026-07-13T23:07:07.355743,2026-07-13T23:07:07.362363+00:00,82.2,49,bid,CostlyCorianders,EarnestEspressos,1938632
2026-07-13T23:07:08.008927,2026-07-13T23:07:08.019711+00:00,82.2,5,bid,EarnestEspressos,Xinhong Shan,1938639
2026-07-13T23:07:08.008927,2026-07-13T23:07:08.019711+00:00,82.2,100,bid,EarnestEspressos,DiligentDonuts,1938640
2026-07-13T23:07:08.008927,2026-07-13T23:07:08.019711+00:00,82.3,2,bid,EarnestEspressos,Kelvin Chan,1938641
2026-07-13T23:07:08.034642,2026-07-13T23:07:08.041035+00:00,82.3,2,ask,EarnestEspressos,Kelvin Chan,1938642
2026-07-13T23:07:08.107434,2026-07-13T23:07:08.114960+00:00,82.3,2,ask,EarnestEspressos,Kelvin Chan,1938646
2026-07-13T23:07:09.136508,2026-07-13T23:07:09.170441+00:00,82.3,2,ask,EarnestEspressos,Kelvin Chan,1938676
2026-07-13T23:07:11.106640,2026-07-13T23:07:11.109428+00:00,82.5,50,bid,FlawlessFlatbreads,Andy Garg,1938713
2026-07-13T23:07:11.235113,2026-07-13T23:07:11.237325+00:00,82.3,4,ask,Xinhong Shan,EarnestEspressos,1938716
2026-07-13T23:07:15.063592,2026-07-13T23:07:15.073345+00:00,82.2,28,bid,Andy Garg,EarnestEspressos,1938793
2026-07-13T23:07:15.073259,2026-07-13T23:07:15.084106+00:00,82.2,45,bid,Andy Garg,EarnestEspressos,1938794
2026-07-13T23:07:15.316983,2026-07-13T23:07:15.328924+00:00,82.2,50,bid,FlawlessFlatbreads,EarnestEspressos,1938802
2026-07-13T23:07:17.388660,2026-07-13T23:07:17.391793+00:00,82.1,5,ask,Xinhong Shan,CostlyCorianders,1938847
2026-07-13T23:07:17.388660,2026-07-13T23:07:17.391793+00:00,82.0,2,ask,Kelvin Chan,CostlyCorianders,1938848
2026-07-13T23:07:17.388660,2026-07-13T23:07:17.402374+00:00,81.7,42,ask,EarnestEspressos,CostlyCorianders,1938849
2026-07-13T23:07:18.888532,2026-07-13T23:07:18.896327+00:00,82.0,46,ask,EarnestEspressos,CostlyCorianders,1938885
2026-07-13T23:07:19.360511,2026-07-13T23:07:19.364254+00:00,82.2,5,bid,CostlyCorianders,Xinhong Shan,1938897
2026-07-13T23:07:19.360511,2026-07-13T23:07:19.364254+00:00,82.3,43,bid,CostlyCorianders,DiligentDonuts,1938898
2026-07-13T23:07:19.601272,2026-07-13T23:07:19.612396+00:00,82.0,50,ask,EarnestEspressos,FlawlessFlatbreads,1938903
2026-07-13T23:07:20.307410,2026-07-13T23:07:20.319086+00:00,82.0,49,ask,EarnestEspressos,CostlyCorianders,1938927
2026-07-13T23:07:20.715877,2026-07-13T23:07:20.718359+00:00,82.1,100,ask,DiligentDonuts,EarnestEspressos,1938931
2026-07-13T23:07:20.715877,2026-07-13T23:07:20.733016+00:00,82.0,2,ask,Kelvin Chan,EarnestEspressos,1938932
2026-07-13T23:07:20.715877,2026-07-13T23:07:20.733016+00:00,82.0,5,ask,Xinhong Shan,EarnestEspressos,1938933
2026-07-13T23:07:20.729644,2026-07-13T23:07:20.733016+00:00,82.0,3,bid,Xuanyu Liu,EarnestEspressos,1938934
2026-07-13T23:07:21.656492,2026-07-13T23:07:21.662607+00:00,82.0,40,bid,FlawlessFlatbreads,EarnestEspressos,1938948
2026-07-13T23:07:21.656492,2026-07-13T23:07:21.662607+00:00,82.0,5,bid,FlawlessFlatbreads,Xinhong Shan,1938949
2026-07-13T23:07:21.656492,2026-07-13T23:07:21.662607+00:00,82.4,5,bid,FlawlessFlatbreads,Andy Garg,1938950
2026-07-13T23:07:21.734464,2026-07-13T23:07:21.737201+00:00,82.4,43,bid,CostlyCorianders,Andy Garg,1938952
2026-07-13T23:07:22.794888,2026-07-13T23:07:22.797939+00:00,82.1,45,ask,Andy Garg,CostlyCorianders,1938977
2026-07-13T23:07:23.820283,2026-07-13T23:07:23.824376+00:00,82.1,5,ask,Xinhong Shan,FlawlessFlatbreads,1938998
2026-07-13T23:07:23.820283,2026-07-13T23:07:23.824376+00:00,82.0,2,ask,Kelvin Chan,FlawlessFlatbreads,1938999
2026-07-13T23:07:23.820283,2026-07-13T23:07:23.834947+00:00,82.0,3,ask,Andy Garg,FlawlessFlatbreads,1939000
2026-07-13T23:07:23.820283,2026-07-13T23:07:23.834947+00:00,81.8,40,ask,DiligentDonuts,FlawlessFlatbreads,1939001
2026-07-13T23:07:25.930637,2026-07-13T23:07:25.938257+00:00,82.1,50,ask,EarnestEspressos,FlawlessFlatbreads,1939064
2026-07-13T23:07:25.973245,2026-07-13T23:07:25.981406+00:00,82.3,46,bid,CostlyCorianders,DiligentDonuts,1939065
2026-07-13T23:07:28.024832,2026-07-13T23:07:28.033619+00:00,82.1,5,ask,Xinhong Shan,CostlyCorianders,1939103
2026-07-13T23:07:28.024832,2026-07-13T23:07:28.033619+00:00,82.0,5,ask,Kelvin Chan,CostlyCorianders,1939104
2026-07-13T23:07:28.024832,2026-07-13T23:07:28.033619+00:00,82.0,30,ask,EarnestEspressos,CostlyCorianders,1939105
2026-07-13T23:07:28.037142,2026-07-13T23:07:28.044244+00:00,82.0,50,ask,EarnestEspressos,FlawlessFlatbreads,1939106
2026-07-13T23:07:30.142576,2026-07-13T23:07:30.154265+00:00,82.0,5,ask,Kelvin Chan,FlawlessFlatbreads,1939135
2026-07-13T23:07:30.142576,2026-07-13T23:07:30.154265+00:00,82.0,5,ask,Xinhong Shan,FlawlessFlatbreads,1939136
2026-07-13T23:07:30.142576,2026-07-13T23:07:30.154265+00:00,81.9,40,ask,DiligentDonuts,FlawlessFlatbreads,1939137
2026-07-13T23:07:30.432935,2026-07-13T23:07:30.442633+00:00,82.2,43,bid,CostlyCorianders,EarnestEspressos,1939147
2026-07-13T23:07:32.055376,2026-07-13T23:07:32.088655+00:00,82.2,11,bid,Xuanyu Liu,EarnestEspressos,1939183
2026-07-13T23:07:32.093727,2026-07-13T23:07:32.103981+00:00,82.2,5,bid,Andy Garg,EarnestEspressos,1939191
2026-07-13T23:07:32.201166,2026-07-13T23:07:32.210334+00:00,82.2,50,bid,FlawlessFlatbreads,EarnestEspressos,1939193
2026-07-13T23:07:33.345250,2026-07-13T23:07:33.347382+00:00,82.2,5,bid,EarnestEspressos,Xinhong Shan,1939215
2026-07-13T23:07:33.360839,2026-07-13T23:07:33.364609+00:00,82.3,11,ask,EarnestEspressos,Xuanyu Liu,1939217
2026-07-13T23:07:33.384867,2026-07-13T23:07:33.388637+00:00,82.3,3,ask,EarnestEspressos,Xuanyu Liu,1939220
2026-07-13T23:07:34.307999,2026-07-13T23:07:34.319223+00:00,82.4,50,bid,FlawlessFlatbreads,DiligentDonuts,1939237
2026-07-13T23:07:34.634305,2026-07-13T23:07:34.640619+00:00,82.3,41,ask,EarnestEspressos,CostlyCorianders,1939244
2026-07-13T23:07:36.085203,2026-07-13T23:07:36.089124+00:00,82.4,46,bid,CostlyCorianders,DiligentDonuts,1939275
2026-07-13T23:07:36.415873,2026-07-13T23:07:36.422047+00:00,82.4,5,bid,FlawlessFlatbreads,Xinhong Shan,1939281
2026-07-13T23:07:36.415873,2026-07-13T23:07:36.422047+00:00,82.6,45,bid,FlawlessFlatbreads,Andy Garg,1939282
2026-07-13T23:07:37.596411,2026-07-13T23:07:37.607860+00:00,82.5,42,bid,CostlyCorianders,EarnestEspressos,1939305
2026-07-13T23:07:38.523341,2026-07-13T23:07:38.528218+00:00,82.4,50,bid,FlawlessFlatbreads,Andy Garg,1939325
2026-07-13T23:07:40.629881,2026-07-13T23:07:40.631920+00:00,82.4,5,bid,FlawlessFlatbreads,Kelvin Chan,1939349
2026-07-13T23:07:40.629881,2026-07-13T23:07:40.642815+00:00,82.5,45,bid,FlawlessFlatbreads,DiligentDonuts,1939350
2026-07-13T23:07:41.204676,2026-07-13T23:07:41.216247+00:00,82.3,5,ask,Xinhong Shan,CostlyCorianders,1939365
2026-07-13T23:07:41.204676,2026-07-13T23:07:41.216247+00:00,82.1,42,ask,Andy Garg,CostlyCorianders,1939366
2026-07-13T23:07:42.736377,2026-07-13T23:07:42.743285+00:00,82.4,50,bid,FlawlessFlatbreads,Andy Garg,1939401
2026-07-13T23:07:44.270207,2026-07-13T23:07:44.276438+00:00,82.3,45,bid,CostlyCorianders,EarnestEspressos,1939430
2026-07-13T23:07:44.842235,2026-07-13T23:07:44.846492+00:00,82.3,50,bid,FlawlessFlatbreads,EarnestEspressos,1939445
2026-07-13T23:07:46.947731,2026-07-13T23:07:46.958771+00:00,82.3,5,bid,FlawlessFlatbreads,Xinhong Shan,1939479
2026-07-13T23:07:46.947731,2026-07-13T23:07:46.958771+00:00,82.4,5,bid,FlawlessFlatbreads,Kelvin Chan,1939480
2026-07-13T23:07:46.947731,2026-07-13T23:07:46.958771+00:00,82.4,40,bid,FlawlessFlatbreads,Andy Garg,1939481
2026-07-13T23:07:49.055799,2026-07-13T23:07:49.064117+00:00,82.4,5,bid,FlawlessFlatbreads,Xinhong Shan,1939509
2026-07-13T23:07:49.055799,2026-07-13T23:07:49.064117+00:00,82.4,5,bid,FlawlessFlatbreads,Kelvin Chan,1939510
2026-07-13T23:07:49.055799,2026-07-13T23:07:49.064117+00:00,82.5,40,bid,FlawlessFlatbreads,Andy Garg,1939511
2026-07-13T23:07:49.474690,2026-07-13T23:07:49.486826+00:00,82.2,46,ask,EarnestEspressos,CostlyCorianders,1939521
2026-07-13T23:07:51.167438,2026-07-13T23:07:51.174866+00:00,82.3,50,bid,FlawlessFlatbreads,Sze-Yong Ng,1939544
2026-07-13T23:07:51.268799,2026-07-13T23:07:51.273505+00:00,82.2,11,ask,EarnestEspressos,Sze-Yong Ng,1939548
2026-07-13T23:07:53.272512,2026-07-13T23:07:53.277507+00:00,82.3,5,bid,FlawlessFlatbreads,Xinhong Shan,1939580
2026-07-13T23:07:53.272512,2026-07-13T23:07:53.277507+00:00,82.4,5,bid,FlawlessFlatbreads,Kelvin Chan,1939581
2026-07-13T23:07:53.272512,2026-07-13T23:07:53.277507+00:00,82.5,40,bid,FlawlessFlatbreads,DiligentDonuts,1939582
2026-07-13T23:07:53.548771,2026-07-13T23:07:53.555957+00:00,82.4,5,bid,CostlyCorianders,Kelvin Chan,1939587
2026-07-13T23:07:53.604558,2026-07-13T23:07:53.609581+00:00,82.2,44,ask,Andy Garg,CostlyCorianders,1939590
2026-07-13T23:07:54.732781,2026-07-13T23:07:54.740826+00:00,82.5,41,bid,CostlyCorianders,DiligentDonuts,1939624
2026-07-13T23:07:55.379809,2026-07-13T23:07:55.392105+00:00,82.5,50,bid,FlawlessFlatbreads,EarnestEspressos,1939639
2026-07-13T23:07:55.448079,2026-07-13T23:07:55.471994+00:00,82.4,5,ask,DiligentDonuts,Kelvin Chan,1939640
2026-07-13T23:07:55.676656,2026-07-13T23:07:55.679840+00:00,82.4,3,ask,DiligentDonuts,Xuanyu Liu,1939644
2026-07-13T23:07:55.772069,2026-07-13T23:07:55.776580+00:00,82.4,39,ask,DiligentDonuts,Sze-Yong Ng,1939645
2026-07-13T23:07:56.101934,2026-07-13T23:07:56.109692+00:00,82.4,25,ask,DiligentDonuts,Dinh Nguyen,1939650
2026-07-13T23:07:56.317277,2026-07-13T23:07:56.333083+00:00,82.4,11,ask,DiligentDonuts,Xuanyu Liu,1939658
2026-07-13T23:07:56.394996,2026-07-13T23:07:56.397829+00:00,82.4,17,ask,DiligentDonuts,Sze-Yong Ng,1939661
2026-07-13T23:07:56.394996,2026-07-13T23:07:56.408659+00:00,82.4,4,ask,Xinhong Shan,Sze-Yong Ng,1939662
2026-07-13T23:07:56.513944,2026-07-13T23:07:56.517602+00:00,82.3,11,ask,EarnestEspressos,Andy Garg,1939669
2026-07-13T23:07:57.485861,2026-07-13T23:07:57.497781+00:00,82.5,5,bid,FlawlessFlatbreads,Xinhong Shan,1939681
2026-07-13T23:07:57.485861,2026-07-13T23:07:57.497781+00:00,82.6,45,bid,FlawlessFlatbreads,Andy Garg,1939682
2026-07-13T23:07:59.595494,2026-07-13T23:07:59.606158+00:00,82.5,50,bid,FlawlessFlatbreads,DiligentDonuts,1939735
2026-07-13T23:08:00.400902,2026-07-13T23:08:00.411318+00:00,82.3,47,ask,Andy Garg,CostlyCorianders,1939739
2026-07-13T23:08:01.701958,2026-07-13T23:08:01.713361+00:00,82.5,4,bid,FlawlessFlatbreads,Kelvin Chan,1939765
2026-07-13T23:08:01.701958,2026-07-13T23:08:01.713361+00:00,82.5,4,bid,FlawlessFlatbreads,Xinhong Shan,1939766
2026-07-13T23:08:01.701958,2026-07-13T23:08:01.713361+00:00,82.6,42,bid,FlawlessFlatbreads,Andy Garg,1939767
2026-07-13T23:08:02.799737,2026-07-13T23:08:02.809701+00:00,82.7,47,bid,CostlyCorianders,DiligentDonuts,1939787
2026-07-13T23:08:03.861197,2026-07-13T23:08:03.872545+00:00,82.5,4,ask,Xinhong Shan,FlawlessFlatbreads,1939808
2026-07-13T23:08:05.982020,2026-07-13T23:08:05.987673+00:00,82.4,50,ask,Andy Garg,FlawlessFlatbreads,1939837
2026-07-13T23:08:09.608266,2026-07-13T23:08:09.611705+00:00,82.7,4,bid,Xuanyu Liu,Xinhong Shan,1939909
2026-07-13T23:08:10.147253,2026-07-13T23:08:10.151518+00:00,82.9,50,bid,FlawlessFlatbreads,DiligentDonuts,1939928
2026-07-13T23:08:11.778180,2026-07-13T23:08:11.783059+00:00,82.8,4,bid,CostlyCorianders,Xinhong Shan,1939961
2026-07-13T23:08:14.059352,2026-07-13T23:08:14.068671+00:00,82.6,41,ask,DiligentDonuts,CostlyCorianders,1940013
2026-07-13T23:08:15.114293,2026-07-13T23:08:15.116267+00:00,82.6,47,ask,DiligentDonuts,CostlyCorianders,1940030
2026-07-13T23:08:16.510159,2026-07-13T23:08:16.511841+00:00,82.6,50,ask,DiligentDonuts,FlawlessFlatbreads,1940053
2026-07-13T23:08:16.664472,2026-07-13T23:08:16.667755+00:00,82.8,5,bid,Xuanyu Liu,Kelvin Chan,1940059
2026-07-13T23:08:18.481981,2026-07-13T23:08:18.484651+00:00,82.7,25,ask,EarnestEspressos,Dinh Nguyen,1940079
2026-07-13T23:08:18.635687,2026-07-13T23:08:18.643123+00:00,82.7,50,ask,EarnestEspressos,FlawlessFlatbreads,1940081
2026-07-13T23:08:20.741313,2026-07-13T23:08:20.746850+00:00,82.7,50,ask,EarnestEspressos,FlawlessFlatbreads,1940122
2026-07-13T23:08:20.849545,2026-07-13T23:08:20.854369+00:00,82.8,4,bid,CostlyCorianders,Xinhong Shan,1940124
2026-07-13T23:08:20.849545,2026-07-13T23:08:20.854369+00:00,82.8,4,bid,CostlyCorianders,Kelvin Chan,1940125
2026-07-13T23:08:20.849545,2026-07-13T23:08:20.869413+00:00,82.8,34,bid,CostlyCorianders,DiligentDonuts,1940126
2026-07-13T23:08:20.861826,2026-07-13T23:08:20.869413+00:00,82.7,4,ask,Xinhong Shan,EarnestEspressos,1940128
2026-07-13T23:08:20.865954,2026-07-13T23:08:20.869413+00:00,82.6,5,bid,Xuanyu Liu,EarnestEspressos,1940129
2026-07-13T23:08:20.899936,2026-07-13T23:08:20.901746+00:00,82.6,60,bid,Sze-Yong Ng,EarnestEspressos,1940130
2026-07-13T23:08:23.211619,2026-07-13T23:08:23.216204+00:00,82.5,2,ask,Kelvin Chan,Xuanyu Liu,1940170
2026-07-13T23:08:23.211619,2026-07-13T23:08:23.216204+00:00,82.5,1,ask,Xinhong Shan,Xuanyu Liu,1940171
2026-07-13T23:08:23.293906,2026-07-13T23:08:23.302020+00:00,82.5,3,ask,Xinhong Shan,Sze-Yong Ng,1940172
2026-07-13T23:08:23.915783,2026-07-13T23:08:23.923815+00:00,82.6,42,bid,CostlyCorianders,EarnestEspressos,1940189
2026-07-13T23:08:24.525543,2026-07-13T23:08:24.529194+00:00,82.5,3,bid,Xuanyu Liu,EarnestEspressos,1940203
2026-07-13T23:08:24.909780,2026-07-13T23:08:24.919491+00:00,82.5,50,bid,FlawlessFlatbreads,EarnestEspressos,1940220
2026-07-13T23:08:25.832223,2026-07-13T23:08:25.835753+00:00,82.3,14,ask,Andy Garg,Xuanyu Liu,1940238
2026-07-13T23:08:26.039315,2026-07-13T23:08:26.042533+00:00,82.3,4,ask,Xinhong Shan,Sze-Yong Ng,1940248
2026-07-13T23:08:26.537666,2026-07-13T23:08:26.540812+00:00,82.3,11,bid,Xuanyu Liu,Andy Garg,1940255
2026-07-13T23:08:27.064682,2026-07-13T23:08:27.072253+00:00,82.1,50,ask,Andy Garg,FlawlessFlatbreads,1940263
2026-07-13T23:08:27.161424,2026-07-13T23:08:27.176992+00:00,82.4,4,bid,EarnestEspressos,Xinhong Shan,1940270
2026-07-13T23:08:27.172387,2026-07-13T23:08:27.176992+00:00,82.4,11,ask,EarnestEspressos,Xuanyu Liu,1940271
2026-07-13T23:08:27.209063,2026-07-13T23:08:27.224817+00:00,82.4,54,ask,EarnestEspressos,Sze-Yong Ng,1940272
2026-07-13T23:08:27.552495,2026-07-13T23:08:27.559681+00:00,82.4,44,ask,EarnestEspressos,CostlyCorianders,1940279
2026-07-13T23:08:27.971990,2026-07-13T23:08:27.982598+00:00,82.4,25,ask,EarnestEspressos,Dinh Nguyen,1940294
2026-07-13T23:08:28.199120,2026-07-13T23:08:28.208254+00:00,82.4,12,ask,EarnestEspressos,Andy Garg,1940298
2026-07-13T23:08:28.199120,2026-07-13T23:08:28.208254+00:00,82.4,4,ask,Xinhong Shan,Andy Garg,1940299
2026-07-13T23:08:28.690687,2026-07-13T23:08:28.694280+00:00,82.4,11,bid,Xuanyu Liu,Andy Garg,1940306
2026-07-13T23:08:29.120113,2026-07-13T23:08:29.127273+00:00,82.5,4,bid,FlawlessFlatbreads,Xinhong Shan,1940318
2026-07-13T23:08:29.120113,2026-07-13T23:08:29.127273+00:00,82.6,46,bid,FlawlessFlatbreads,DiligentDonuts,1940319
2026-07-13T23:08:29.563691,2026-07-13T23:08:29.573594+00:00,82.2,4,ask,Xinhong Shan,CostlyCorianders,1940333
2026-07-13T23:08:30.143875,2026-07-13T23:08:30.147611+00:00,82.5,43,bid,CostlyCorianders,Andy Garg,1940337
2026-07-13T23:08:30.377196,2026-07-13T23:08:30.384445+00:00,82.2,100,ask,DiligentDonuts,EarnestEspressos,1940348
2026-07-13T23:08:30.772326,2026-07-13T23:08:30.774547+00:00,82.1,43,ask,Andy Garg,CostlyCorianders,1940359
2026-07-13T23:08:31.280777,2026-07-13T23:08:31.292901+00:00,82.1,4,ask,Xinhong Shan,FlawlessFlatbreads,1940378
2026-07-13T23:08:31.280777,2026-07-13T23:08:31.292901+00:00,82.0,46,ask,Andy Garg,FlawlessFlatbreads,1940379
2026-07-13T23:08:33.388407,2026-07-13T23:08:33.390311+00:00,81.9,50,ask,Andy Garg,FlawlessFlatbreads,1940425
2026-07-13T23:08:33.687709,2026-07-13T23:08:33.691234+00:00,82.2,3,bid,Xuanyu Liu,Xinhong Shan,1940431
2026-07-13T23:08:33.793212,2026-07-13T23:08:33.797387+00:00,82.2,1,bid,Andy Garg,Xinhong Shan,1940435
2026-07-13T23:08:34.289670,2026-07-13T23:08:34.294856+00:00,82.3,100,bid,Sze-Yong Ng,DiligentDonuts,1940446
2026-07-13T23:08:34.746008,2026-07-13T23:08:34.754675+00:00,82.3,4,bid,Dinh Nguyen,Xinhong Shan,1940459
2026-07-13T23:08:35.009881,2026-07-13T23:08:35.024955+00:00,82.5,2,bid,Dinh Nguyen,EarnestEspressos,1940462
2026-07-13T23:08:35.494522,2026-07-13T23:08:35.502286+00:00,82.2,4,ask,Xinhong Shan,FlawlessFlatbreads,1940473
2026-07-13T23:08:35.494522,2026-07-13T23:08:35.502286+00:00,82.0,46,ask,EarnestEspressos,FlawlessFlatbreads,1940474
2026-07-13T23:08:37.601003,2026-07-13T23:08:37.610210+00:00,82.2,50,ask,DiligentDonuts,FlawlessFlatbreads,1940517
2026-07-13T23:08:39.009647,2026-07-13T23:08:39.015596+00:00,82.2,48,ask,DiligentDonuts,CostlyCorianders,1940558
