timestamp,recv_time,price,volume,aggressor_side,buyer,seller,trade_id
2026-07-04T00:59:59.994025,2026-07-04T01:00:00.005546+00:00,135.4,44,ask,EarnestEspressos,CostlyCorianders,6389179
2026-07-04T01:00:00.342729,2026-07-04T01:00:00.350836+00:00,135.4,12,ask,EarnestEspressos,Xuanyu Liu,6389184
2026-07-04T01:00:00.603319,2026-07-04T01:00:00.615152+00:00,135.9,42,bid,CostlyCorianders,EarnestEspressos,6389187
2026-07-04T01:00:02.801659,2026-07-04T01:00:02.813551+00:00,135.4,50,ask,EarnestEspressos,FlawlessFlatbreads,6389213
2026-07-04T01:00:03.238998,2026-07-04T01:00:03.250602+00:00,135.8,44,bid,CostlyCorianders,DiligentDonuts,6389219
2026-07-04T01:00:03.722360,2026-07-04T01:00:03.729372+00:00,135.8,41,bid,CostlyCorianders,DiligentDonuts,6389227
2026-07-04T01:00:03.804299,2026-07-04T01:00:03.815731+00:00,135.9,100,bid,DiligentDonuts,EarnestEspressos,6389229
2026-07-04T01:00:04.918439,2026-07-04T01:00:04.928505+00:00,135.4,50,ask,EarnestEspressos,FlawlessFlatbreads,6389241
2026-07-04T01:00:06.973490,2026-07-04T01:00:06.984858+00:00,136.0,50,bid,FlawlessFlatbreads,EarnestEspressos,6389260
2026-07-04T01:00:08.424888,2026-07-04T01:00:08.436341+00:00,135.5,44,ask,EarnestEspressos,CostlyCorianders,6389279
2026-07-04T01:00:09.133868,2026-07-04T01:00:09.143507+00:00,135.6,50,ask,EarnestEspressos,FlawlessFlatbreads,6389285
2026-07-04T01:00:09.556381,2026-07-04T01:00:09.556461+00:00,135.6,46,ask,EarnestEspressos,CostlyCorianders,6389298
2026-07-04T01:00:10.143352,2026-07-04T01:00:10.155097+00:00,136.1,42,bid,CostlyCorianders,EarnestEspressos,6389303
2026-07-04T01:00:10.197757,2026-07-04T01:00:10.209425+00:00,135.6,44,ask,EarnestEspressos,CostlyCorianders,6389304
2026-07-04T01:00:11.190749,2026-07-04T01:00:11.202612+00:00,135.9,50,bid,FlawlessFlatbreads,DiligentDonuts,6389325
2026-07-04T01:00:11.719796,2026-07-04T01:00:11.731314+00:00,135.6,10,ask,EarnestEspressos,CostlyCorianders,6389332
2026-07-04T01:00:12.636543,2026-07-04T01:00:12.647898+00:00,135.6,42,bid,CostlyCorianders,EarnestEspressos,6389343
2026-07-04T01:00:13.286278,2026-07-04T01:00:13.297715+00:00,135.6,100,bid,DiligentDonuts,EarnestEspressos,6389347
2026-07-04T01:00:13.380336,2026-07-04T01:00:13.390267+00:00,135.6,8,bid,Xuanyu Liu,EarnestEspressos,6389351
2026-07-04T01:00:15.058412,2026-07-04T01:00:15.066106+00:00,136.2,44,bid,CostlyCorianders,DiligentDonuts,6389385
2026-07-04T01:00:15.451167,2026-07-04T01:00:15.463612+00:00,136.1,50,ask,EarnestEspressos,FlawlessFlatbreads,6389390
2026-07-04T01:00:16.025699,2026-07-04T01:00:16.034687+00:00,136.1,19,ask,EarnestEspressos,Xuanyu Liu,6389399
2026-07-04T01:00:17.561302,2026-07-04T01:00:17.570302+00:00,136.1,50,ask,EarnestEspressos,FlawlessFlatbreads,6389424
2026-07-04T01:00:19.668574,2026-07-04T01:00:19.680820+00:00,135.8,50,ask,DiligentDonuts,FlawlessFlatbreads,6389443
2026-07-04T01:00:21.723531,2026-07-04T01:00:21.735100+00:00,136.3,50,bid,FlawlessFlatbreads,DiligentDonuts,6389472
2026-07-04T01:00:23.830248,2026-07-04T01:00:23.841991+00:00,135.9,50,bid,FlawlessFlatbreads,EarnestEspressos,6389495
2026-07-04T01:00:25.936830,2026-07-04T01:00:25.948355+00:00,135.9,50,bid,FlawlessFlatbreads,EarnestEspressos,6389523
2026-07-04T01:00:28.045009,2026-07-04T01:00:28.058600+00:00,135.9,50,bid,FlawlessFlatbreads,DiligentDonuts,6389562
2026-07-04T01:00:30.151917,2026-07-04T01:00:30.158594+00:00,136.2,50,bid,FlawlessFlatbreads,EarnestEspressos,6389591
2026-07-04T01:00:31.840214,2026-07-04T01:00:31.847896+00:00,135.9,12,ask,DiligentDonuts,Xuanyu Liu,6389616
2026-07-04T01:00:32.258648,2026-07-04T01:00:32.270300+00:00,136.3,50,bid,FlawlessFlatbreads,DiligentDonuts,6389618
2026-07-04T01:00:34.365377,2026-07-04T01:00:34.372333+00:00,136.3,50,bid,FlawlessFlatbreads,DiligentDonuts,6389643
2026-07-04T01:00:35.293193,2026-07-04T01:00:35.301729+00:00,136.0,40,ask,EarnestEspressos,CostlyCorianders,6389661
2026-07-04T01:00:35.493835,2026-07-04T01:00:35.503176+00:00,136.1,11,ask,DiligentDonuts,Xuanyu Liu,6389664
2026-07-04T01:00:36.470611,2026-07-04T01:00:36.481992+00:00,136.5,50,bid,FlawlessFlatbreads,EarnestEspressos,6389681
2026-07-04T01:00:37.105280,2026-07-04T01:00:37.116008+00:00,136.1,3,ask,DiligentDonuts,Xuanyu Liu,6389688
2026-07-04T01:00:38.017050,2026-07-04T01:00:38.024890+00:00,136.1,49,ask,DiligentDonuts,CostlyCorianders,6389703
2026-07-04T01:00:38.575430,2026-07-04T01:00:38.587401+00:00,136.4,50,bid,FlawlessFlatbreads,EarnestEspressos,6389713
2026-07-04T01:00:38.622698,2026-07-04T01:00:38.634470+00:00,136.4,40,bid,CostlyCorianders,EarnestEspressos,6389714
2026-07-04T01:00:38.677921,2026-07-04T01:00:38.689596+00:00,135.9,44,ask,EarnestEspressos,CostlyCorianders,6389716
2026-07-04T01:00:40.234549,2026-07-04T01:00:40.242534+00:00,136.3,44,bid,CostlyCorianders,DiligentDonuts,6389739
2026-07-04T01:00:40.644387,2026-07-04T01:00:40.650567+00:00,136.3,56,bid,EarnestEspressos,DiligentDonuts,6389743
2026-07-04T01:00:40.882157,2026-07-04T01:00:40.893834+00:00,136.4,45,ask,EarnestEspressos,CostlyCorianders,6389745
2026-07-04T01:00:43.369695,2026-07-04T01:00:43.380335+00:00,136.4,43,ask,EarnestEspressos,CostlyCorianders,6389773
2026-07-04T01:00:43.851903,2026-07-04T01:00:43.858398+00:00,136.8,44,bid,CostlyCorianders,DiligentDonuts,6389779
2026-07-04T01:00:43.872233,2026-07-04T01:00:43.884416+00:00,136.3,100,ask,DiligentDonuts,EarnestEspressos,6389780
2026-07-04T01:00:44.892742,2026-07-04T01:00:44.909160+00:00,136.2,50,bid,FlawlessFlatbreads,EarnestEspressos,6389797
2026-07-04T01:00:45.448157,2026-07-04T01:00:45.458578+00:00,136.6,44,bid,CostlyCorianders,DiligentDonuts,6389805
2026-07-04T01:00:49.106583,2026-07-04T01:00:49.114613+00:00,136.8,50,bid,FlawlessFlatbreads,EarnestEspressos,6389843
2026-07-04T01:00:50.247133,2026-07-04T01:00:50.258822+00:00,136.6,49,ask,EarnestEspressos,CostlyCorianders,6389853
2026-07-04T01:00:51.540896,2026-07-04T01:00:51.554061+00:00,136.6,49,ask,EarnestEspressos,CostlyCorianders,6389865
2026-07-04T01:00:52.084466,2026-07-04T01:00:52.092189+00:00,136.8,48,bid,CostlyCorianders,DiligentDonuts,6389867
2026-07-04T01:00:53.100850,2026-07-04T01:00:53.112418+00:00,136.8,41,bid,CostlyCorianders,DiligentDonuts,6389885
2026-07-04T01:00:55.477733,2026-07-04T01:00:55.489469+00:00,136.7,50,ask,DiligentDonuts,FlawlessFlatbreads,6389911
2026-07-04T01:00:56.464778,2026-07-04T01:00:56.473243+00:00,136.7,3,ask,DiligentDonuts,Xuanyu Liu,6389924
2026-07-04T01:00:57.593733,2026-07-04T01:00:57.605108+00:00,136.3,50,ask,EarnestEspressos,FlawlessFlatbreads,6389940
2026-07-04T01:00:58.415302,2026-07-04T01:00:58.427057+00:00,136.4,43,ask,DiligentDonuts,CostlyCorianders,6389948
2026-07-04T01:00:59.682395,2026-07-04T01:00:59.694377+00:00,136.4,57,ask,DiligentDonuts,EarnestEspressos,6389962
2026-07-04T01:01:01.503886,2026-07-04T01:01:01.515467+00:00,136.4,46,bid,CostlyCorianders,EarnestEspressos,6389982
2026-07-04T01:01:01.819236,2026-07-04T01:01:01.836351+00:00,136.0,50,ask,DiligentDonuts,FlawlessFlatbreads,6389985
2026-07-04T01:01:03.861282,2026-07-04T01:01:03.870988+00:00,136.2,48,ask,EarnestEspressos,CostlyCorianders,6390025
2026-07-04T01:01:03.926224,2026-07-04T01:01:03.936838+00:00,136.2,50,ask,EarnestEspressos,FlawlessFlatbreads,6390026
2026-07-04T01:01:03.993852,2026-07-04T01:01:04.002455+00:00,136.3,3,bid,Xuanyu Liu,DiligentDonuts,6390028
2026-07-04T01:01:06.053370,2026-07-04T01:01:06.055425+00:00,136.0,50,ask,EarnestEspressos,FlawlessFlatbreads,6390049
2026-07-04T01:01:08.158506,2026-07-04T01:01:08.170425+00:00,136.0,50,ask,EarnestEspressos,FlawlessFlatbreads,6390066
2026-07-04T01:01:09.181898,2026-07-04T01:01:09.190893+00:00,136.1,3,bid,Xuanyu Liu,EarnestEspressos,6390080
2026-07-04T01:01:09.699751,2026-07-04T01:01:09.708247+00:00,136.1,11,bid,Xuanyu Liu,EarnestEspressos,6390084
2026-07-04T01:01:10.216399,2026-07-04T01:01:10.228171+00:00,136.1,50,bid,FlawlessFlatbreads,EarnestEspressos,6390089
2026-07-04T01:01:10.250720,2026-07-04T01:01:10.259459+00:00,136.1,86,bid,DiligentDonuts,EarnestEspressos,6390092
2026-07-04T01:01:14.481784,2026-07-04T01:01:14.493749+00:00,136.4,50,ask,EarnestEspressos,FlawlessFlatbreads,6390153
2026-07-04T01:01:14.756377,2026-07-04T01:01:14.768125+00:00,136.7,44,bid,CostlyCorianders,DiligentDonuts,6390157
2026-07-04T01:01:16.590766,2026-07-04T01:01:16.597631+00:00,136.4,50,ask,EarnestEspressos,FlawlessFlatbreads,6390182
2026-07-04T01:01:18.165711,2026-07-04T01:01:18.174019+00:00,136.4,46,ask,EarnestEspressos,CostlyCorianders,6390198
2026-07-04T01:01:18.805227,2026-07-04T01:01:18.813560+00:00,136.5,47,bid,CostlyCorianders,EarnestEspressos,6390211
2026-07-04T01:01:19.832658,2026-07-04T01:01:19.839801+00:00,136.5,45,bid,CostlyCorianders,EarnestEspressos,6390229
2026-07-04T01:01:20.335602,2026-07-04T01:01:20.345461+00:00,136.0,47,ask,EarnestEspressos,CostlyCorianders,6390240
2026-07-04T01:01:20.754242,2026-07-04T01:01:20.765756+00:00,136.5,50,bid,FlawlessFlatbreads,EarnestEspressos,6390245
2026-07-04T01:01:22.862546,2026-07-04T01:01:22.869573+00:00,136.5,50,bid,FlawlessFlatbreads,EarnestEspressos,6390273
2026-07-04T01:01:24.973084,2026-07-04T01:01:24.980847+00:00,136.4,50,bid,FlawlessFlatbreads,DiligentDonuts,6390301
2026-07-04T01:01:25.421060,2026-07-04T01:01:25.429431+00:00,136.1,11,ask,EarnestEspressos,Xuanyu Liu,6390305
2026-07-04T01:01:25.570492,2026-07-04T01:01:25.577826+00:00,136.1,3,ask,EarnestEspressos,Xuanyu Liu,6390308
2026-07-04T01:01:26.132399,2026-07-04T01:01:26.144694+00:00,136.1,100,ask,EarnestEspressos,DiligentDonuts,6390316
2026-07-04T01:01:27.097015,2026-07-04T01:01:27.108862+00:00,136.6,50,bid,FlawlessFlatbreads,EarnestEspressos,6390329
2026-07-04T01:01:28.356268,2026-07-04T01:01:28.356016+00:00,135.9,47,ask,EarnestEspressos,CostlyCorianders,6390345
2026-07-04T01:01:29.204161,2026-07-04T01:01:29.215898+00:00,136.4,50,bid,FlawlessFlatbreads,EarnestEspressos,6390364
2026-07-04T01:01:30.342329,2026-07-04T01:01:30.349281+00:00,136.1,44,ask,DiligentDonuts,CostlyCorianders,6390379
2026-07-04T01:01:30.863994,2026-07-04T01:01:30.874725+00:00,136.4,46,bid,CostlyCorianders,EarnestEspressos,6390384
2026-07-04T01:01:31.312596,2026-07-04T01:01:31.324236+00:00,136.6,50,bid,FlawlessFlatbreads,DiligentDonuts,6390389
2026-07-04T01:01:31.495848,2026-07-04T01:01:31.507499+00:00,136.6,45,bid,CostlyCorianders,DiligentDonuts,6390393
2026-07-04T01:01:33.473539,2026-07-04T01:01:33.485241+00:00,136.3,50,ask,DiligentDonuts,FlawlessFlatbreads,6390416
2026-07-04T01:01:35.582757,2026-07-04T01:01:35.594440+00:00,136.3,50,ask,DiligentDonuts,FlawlessFlatbreads,6390440
2026-07-04T01:01:37.689979,2026-07-04T01:01:37.701778+00:00,136.3,50,ask,DiligentDonuts,FlawlessFlatbreads,6390455
2026-07-04T01:01:39.797092,2026-07-04T01:01:39.808947+00:00,136.0,50,ask,EarnestEspressos,FlawlessFlatbreads,6390492
2026-07-04T01:01:40.834657,2026-07-04T01:01:40.846131+00:00,135.9,44,ask,DiligentDonuts,CostlyCorianders,6390510
2026-07-04T01:01:41.797002,2026-07-04T01:01:41.805719+00:00,136.4,48,bid,CostlyCorianders,DiligentDonuts,6390520
2026-07-04T01:01:41.854219,2026-07-04T01:01:41.857017+00:00,136.4,50,bid,FlawlessFlatbreads,EarnestEspressos,6390521
2026-07-04T01:01:43.367397,2026-07-04T01:01:43.378316+00:00,136.0,44,ask,DiligentDonuts,CostlyCorianders,6390546
2026-07-04T01:01:43.960316,2026-07-04T01:01:43.971914+00:00,136.5,50,bid,FlawlessFlatbreads,DiligentDonuts,6390556
2026-07-04T01:01:44.906825,2026-07-04T01:01:44.918250+00:00,136.5,40,bid,CostlyCorianders,DiligentDonuts,6390571
2026-07-04T01:01:46.067956,2026-07-04T01:01:46.079457+00:00,136.6,50,bid,FlawlessFlatbreads,EarnestEspressos,6390582
2026-07-04T01:01:48.226597,2026-07-04T01:01:48.230883+00:00,136.1,50,ask,DiligentDonuts,FlawlessFlatbreads,6390619
2026-07-04T01:01:50.116216,2026-07-04T01:01:50.127939+00:00,136.1,44,ask,DiligentDonuts,CostlyCorianders,6390652
2026-07-04T01:01:51.225668,2026-07-04T01:01:51.237297+00:00,136.6,48,bid,CostlyCorianders,DiligentDonuts,6390669
2026-07-04T01:01:52.436844,2026-07-04T01:01:52.448371+00:00,136.2,50,ask,EarnestEspressos,FlawlessFlatbreads,6390691
2026-07-04T01:01:54.538546,2026-07-04T01:01:54.549876+00:00,136.0,44,ask,EarnestEspressos,CostlyCorianders,6390728
2026-07-04T01:01:54.546359,2026-07-04T01:01:54.558599+00:00,136.0,50,ask,EarnestEspressos,FlawlessFlatbreads,6390729
2026-07-04T01:01:55.590218,2026-07-04T01:01:55.601788+00:00,136.3,47,bid,CostlyCorianders,DiligentDonuts,6390741
2026-07-04T01:01:56.652811,2026-07-04T01:01:56.664292+00:00,135.8,50,ask,DiligentDonuts,FlawlessFlatbreads,6390757
2026-07-04T01:01:56.949824,2026-07-04T01:01:56.957845+00:00,136.1,3,bid,Xuanyu Liu,EarnestEspressos,6390760
2026-07-04T01:01:58.759202,2026-07-04T01:01:58.765910+00:00,135.7,50,ask,DiligentDonuts,FlawlessFlatbreads,6390786
2026-07-04T01:01:59.791884,2026-07-04T01:01:59.799813+00:00,135.7,50,ask,DiligentDonuts,EarnestEspressos,6390806
2026-07-04T01:01:59.800975,2026-07-04T01:01:59.808751+00:00,135.7,23,bid,Xuanyu Liu,EarnestEspressos,6390807
2026-07-04T01:01:59.963798,2026-07-04T01:01:59.974173+00:00,135.7,44,bid,CostlyCorianders,EarnestEspressos,6390814
2026-07-04T01:02:00.866915,2026-07-04T01:02:00.878699+00:00,135.2,50,ask,EarnestEspressos,FlawlessFlatbreads,6390824
2026-07-04T01:02:01.608488,2026-07-04T01:02:01.619947+00:00,135.4,47,ask,DiligentDonuts,CostlyCorianders,6390833
2026-07-04T01:02:02.774951,2026-07-04T01:02:02.786477+00:00,135.7,33,bid,CostlyCorianders,EarnestEspressos,6390844
2026-07-04T01:02:02.774951,2026-07-04T01:02:02.786477+00:00,135.9,9,bid,CostlyCorianders,DiligentDonuts,6390845
2026-07-04T01:02:02.922760,2026-07-04T01:02:02.932243+00:00,135.9,50,bid,FlawlessFlatbreads,DiligentDonuts,6390847
2026-07-04T01:02:04.294390,2026-07-04T01:02:04.303059+00:00,135.7,41,ask,EarnestEspressos,CostlyCorianders,6390873
2026-07-04T01:02:05.029532,2026-07-04T01:02:05.040700+00:00,135.8,50,bid,FlawlessFlatbreads,DiligentDonuts,6390879
2026-07-04T01:02:06.447803,2026-07-04T01:02:06.463632+00:00,135.6,40,ask,EarnestEspressos,CostlyCorianders,6390893
2026-07-04T01:02:07.135474,2026-07-04T01:02:07.143216+00:00,135.8,50,bid,FlawlessFlatbreads,DiligentDonuts,6390900
2026-07-04T01:02:07.902269,2026-07-04T01:02:07.914272+00:00,135.7,44,ask,DiligentDonuts,CostlyCorianders,6390905
2026-07-04T01:02:09.267892,2026-07-04T01:02:09.279343+00:00,136.2,50,bid,FlawlessFlatbreads,DiligentDonuts,6390923
2026-07-04T01:02:11.452583,2026-07-04T01:02:11.458594+00:00,135.7,50,ask,DiligentDonuts,FlawlessFlatbreads,6390957
2026-07-04T01:02:11.573430,2026-07-04T01:02:11.582298+00:00,136.0,46,bid,CostlyCorianders,EarnestEspressos,6390959
2026-07-04T01:02:12.811679,2026-07-04T01:02:12.818658+00:00,135.7,12,ask,DiligentDonuts,Xuanyu Liu,6390970
2026-07-04T01:02:13.559208,2026-07-04T01:02:13.566704+00:00,135.7,50,ask,EarnestEspressos,FlawlessFlatbreads,6390981
2026-07-04T01:02:15.613767,2026-07-04T01:02:15.624548+00:00,135.9,50,bid,FlawlessFlatbreads,DiligentDonuts,6391004
2026-07-04T01:02:17.730852,2026-07-04T01:02:17.742493+00:00,136.0,50,bid,FlawlessFlatbreads,EarnestEspressos,6391029
2026-07-04T01:02:18.984691,2026-07-04T01:02:18.996547+00:00,136.1,41,bid,CostlyCorianders,EarnestEspressos,6391044
2026-07-04T01:02:19.888316,2026-07-04T01:02:19.896142+00:00,135.8,50,ask,DiligentDonuts,FlawlessFlatbreads,6391053
2026-07-04T01:02:20.020916,2026-07-04T01:02:20.032697+00:00,136.1,48,bid,CostlyCorianders,EarnestEspressos,6391054
2026-07-04T01:02:20.076836,2026-07-04T01:02:20.088331+00:00,135.8,41,ask,DiligentDonuts,CostlyCorianders,6391055
2026-07-04T01:02:20.661608,2026-07-04T01:02:20.673192+00:00,135.8,9,ask,DiligentDonuts,CostlyCorianders,6391062
2026-07-04T01:02:20.661608,2026-07-04T01:02:20.673192+00:00,135.6,33,ask,EarnestEspressos,CostlyCorianders,6391063
2026-07-04T01:02:21.150548,2026-07-04T01:02:21.158559+00:00,136.1,40,bid,CostlyCorianders,EarnestEspressos,6391074
2026-07-04T01:02:21.659700,2026-07-04T01:02:21.669559+00:00,135.6,46,ask,EarnestEspressos,CostlyCorianders,6391082
2026-07-04T01:02:21.900869,2026-07-04T01:02:21.909380+00:00,136.0,11,ask,EarnestEspressos,Xuanyu Liu,6391084
2026-07-04T01:02:21.944127,2026-07-04T01:02:21.955944+00:00,136.3,50,bid,FlawlessFlatbreads,DiligentDonuts,6391086
2026-07-04T01:02:22.574041,2026-07-04T01:02:22.585502+00:00,136.0,49,ask,EarnestEspressos,CostlyCorianders,6391104
2026-07-04T01:02:23.307547,2026-07-04T01:02:23.316403+00:00,136.0,3,ask,EarnestEspressos,Xuanyu Liu,6391116
2026-07-04T01:02:24.052521,2026-07-04T01:02:24.063707+00:00,136.2,50,bid,FlawlessFlatbreads,DiligentDonuts,6391124
2026-07-04T01:02:26.877482,2026-07-04T01:02:26.889105+00:00,136.2,44,bid,CostlyCorianders,EarnestEspressos,6391156
2026-07-04T01:02:27.442942,2026-07-04T01:02:27.464069+00:00,135.7,49,ask,EarnestEspressos,CostlyCorianders,6391172
2026-07-04T01:02:28.311746,2026-07-04T01:02:28.323360+00:00,135.7,50,ask,DiligentDonuts,FlawlessFlatbreads,6391184
2026-07-04T01:02:28.559370,2026-07-04T01:02:28.567195+00:00,135.9,3,bid,Xuanyu Liu,EarnestEspressos,6391190
2026-07-04T01:02:29.393497,2026-07-04T01:02:29.405065+00:00,135.9,45,bid,CostlyCorianders,EarnestEspressos,6391208
2026-07-04T01:02:29.866042,2026-07-04T01:02:29.873758+00:00,135.5,11,bid,Xuanyu Liu,DiligentDonuts,6391219
2026-07-04T01:02:30.426484,2026-07-04T01:02:30.438131+00:00,135.4,50,ask,EarnestEspressos,FlawlessFlatbreads,6391232
2026-07-04T01:02:30.443546,2026-07-04T01:02:30.458571+00:00,135.5,48,bid,CostlyCorianders,DiligentDonuts,6391235
2026-07-04T01:02:31.179230,2026-07-04T01:02:31.187056+00:00,135.5,12,bid,Xuanyu Liu,DiligentDonuts,6391243
2026-07-04T01:02:31.387250,2026-07-04T01:02:31.399108+00:00,135.5,29,bid,EarnestEspressos,DiligentDonuts,6391247
2026-07-04T01:02:32.098405,2026-07-04T01:02:32.106046+00:00,135.5,12,ask,EarnestEspressos,Xuanyu Liu,6391268
2026-07-04T01:02:32.538382,2026-07-04T01:02:32.547568+00:00,135.5,50,ask,EarnestEspressos,FlawlessFlatbreads,6391277
2026-07-04T01:02:33.305111,2026-07-04T01:02:33.313678+00:00,135.5,11,ask,EarnestEspressos,Xuanyu Liu,6391287
2026-07-04T01:02:34.618691,2026-07-04T01:02:34.627937+00:00,135.5,100,ask,DiligentDonuts,EarnestEspressos,6391300
2026-07-04T01:02:34.629058,2026-07-04T01:02:34.638147+00:00,135.3,11,bid,Xuanyu Liu,EarnestEspressos,6391301
2026-07-04T01:02:35.318578,2026-07-04T01:02:35.325195+00:00,134.8,49,ask,EarnestEspressos,CostlyCorianders,6391308
2026-07-04T01:02:35.886456,2026-07-04T01:02:35.897801+00:00,135.3,39,bid,CostlyCorianders,EarnestEspressos,6391317
2026-07-04T01:02:35.886456,2026-07-04T01:02:35.897801+00:00,135.6,9,bid,CostlyCorianders,DiligentDonuts,6391318
2026-07-04T01:02:37.499598,2026-07-04T01:02:37.508633+00:00,135.6,43,bid,CostlyCorianders,DiligentDonuts,6391340
2026-07-04T01:02:38.538717,2026-07-04T01:02:38.550395+00:00,135.2,46,ask,EarnestEspressos,CostlyCorianders,6391352
2026-07-04T01:02:38.858757,2026-07-04T01:02:38.867094+00:00,135.2,50,ask,EarnestEspressos,FlawlessFlatbreads,6391360
2026-07-04T01:02:39.142178,2026-07-04T01:02:39.158573+00:00,135.2,40,ask,EarnestEspressos,CostlyCorianders,6391365
2026-07-04T01:02:40.941837,2026-07-04T01:02:40.953553+00:00,135.2,100,ask,DiligentDonuts,EarnestEspressos,6391390
2026-07-04T01:02:40.946010,2026-07-04T01:02:40.953553+00:00,135.2,23,bid,Xuanyu Liu,EarnestEspressos,6391391
2026-07-04T01:02:40.967657,2026-07-04T01:02:40.979359+00:00,134.7,50,ask,EarnestEspressos,FlawlessFlatbreads,6391393
2026-07-04T01:02:43.074095,2026-07-04T01:02:43.085691+00:00,134.9,50,ask,DiligentDonuts,FlawlessFlatbreads,6391426
2026-07-04T01:02:44.281611,2026-07-04T01:02:44.288468+00:00,135.4,49,bid,CostlyCorianders,DiligentDonuts,6391445
2026-07-04T01:02:45.129244,2026-07-04T01:02:45.141057+00:00,135.4,50,bid,FlawlessFlatbreads,EarnestEspressos,6391461
2026-07-04T01:02:47.291450,2026-07-04T01:02:47.302961+00:00,135.1,50,ask,EarnestEspressos,FlawlessFlatbreads,6391487
2026-07-04T01:02:47.509446,2026-07-04T01:02:47.521149+00:00,135.1,41,ask,EarnestEspressos,CostlyCorianders,6391490
2026-07-04T01:02:49.347210,2026-07-04T01:02:49.358609+00:00,135.5,50,bid,FlawlessFlatbreads,DiligentDonuts,6391521
2026-07-04T01:02:51.466651,2026-07-04T01:02:51.474058+00:00,135.2,50,bid,FlawlessFlatbreads,EarnestEspressos,6391540
2026-07-04T01:02:53.573080,2026-07-04T01:02:53.584479+00:00,135.6,50,bid,FlawlessFlatbreads,DiligentDonuts,6391578
2026-07-04T01:02:53.801558,2026-07-04T01:02:53.813702+00:00,135.4,42,bid,CostlyCorianders,EarnestEspressos,6391582
2026-07-04T01:02:54.688676,2026-07-04T01:02:54.697051+00:00,135.3,11,ask,DiligentDonuts,Xuanyu Liu,6391596
2026-07-04T01:02:55.109849,2026-07-04T01:02:55.119386+00:00,135.3,12,ask,DiligentDonuts,Xuanyu Liu,6391602
2026-07-04T01:02:55.730721,2026-07-04T01:02:55.742365+00:00,135.3,50,ask,DiligentDonuts,FlawlessFlatbreads,6391608
2026-07-04T01:02:56.870932,2026-07-04T01:02:56.883583+00:00,135.3,11,ask,DiligentDonuts,Xuanyu Liu,6391619
2026-07-04T01:02:57.497262,2026-07-04T01:02:57.505698+00:00,135.3,3,ask,DiligentDonuts,Xuanyu Liu,6391630
2026-07-04T01:02:58.805240,2026-07-04T01:02:58.812300+00:00,135.1,14,bid,Xuanyu Liu,DiligentDonuts,6391644
2026-07-04T01:02:59.925543,2026-07-04T01:02:59.933039+00:00,135.0,43,ask,EarnestEspressos,CostlyCorianders,6391665
2026-07-04T01:03:02.056686,2026-07-04T01:03:02.068365+00:00,135.0,50,ask,EarnestEspressos,FlawlessFlatbreads,6391690
2026-07-04T01:03:02.776754,2026-07-04T01:03:02.788236+00:00,135.0,40,ask,EarnestEspressos,CostlyCorianders,6391694
2026-07-04T01:03:03.082929,2026-07-04T01:03:03.090701+00:00,134.8,23,bid,Xuanyu Liu,EarnestEspressos,6391701
2026-07-04T01:03:04.184374,2026-07-04T01:03:04.196068+00:00,134.3,50,ask,EarnestEspressos,FlawlessFlatbreads,6391717
2026-07-04T01:03:04.192458,2026-07-04T01:03:04.201320+00:00,134.8,100,bid,DiligentDonuts,EarnestEspressos,6391718
2026-07-04T01:03:06.748277,2026-07-04T01:03:06.754690+00:00,135.1,46,bid,CostlyCorianders,EarnestEspressos,6391752
2026-07-04T01:03:07.337394,2026-07-04T01:03:07.346756+00:00,135.1,47,bid,CostlyCorianders,EarnestEspressos,6391759
2026-07-04T01:03:08.368007,2026-07-04T01:03:08.374799+00:00,134.9,50,bid,FlawlessFlatbreads,DiligentDonuts,6391773
2026-07-04T01:03:08.470833,2026-07-04T01:03:08.482661+00:00,134.9,46,bid,CostlyCorianders,DiligentDonuts,6391776
2026-07-04T01:03:09.345705,2026-07-04T01:03:09.352050+00:00,134.9,4,bid,EarnestEspressos,DiligentDonuts,6391790
2026-07-04T01:03:09.412053,2026-07-04T01:03:09.420847+00:00,134.9,11,ask,EarnestEspressos,Xuanyu Liu,6391791
2026-07-04T01:03:10.525512,2026-07-04T01:03:10.536847+00:00,134.9,50,ask,EarnestEspressos,FlawlessFlatbreads,6391805
2026-07-04T01:03:12.582892,2026-07-04T01:03:12.594664+00:00,135.1,50,bid,FlawlessFlatbreads,DiligentDonuts,6391829
2026-07-04T01:03:13.008297,2026-07-04T01:03:13.019889+00:00,134.8,44,ask,EarnestEspressos,CostlyCorianders,6391836
2026-07-04T01:03:14.741184,2026-07-04T01:03:14.752752+00:00,134.8,50,ask,EarnestEspressos,FlawlessFlatbreads,6391863
2026-07-04T01:03:15.031672,2026-07-04T01:03:15.041043+00:00,134.8,42,ask,EarnestEspressos,CostlyCorianders,6391869
2026-07-04T01:03:15.570844,2026-07-04T01:03:15.582070+00:00,134.8,14,ask,EarnestEspressos,CostlyCorianders,6391878
2026-07-04T01:03:15.570844,2026-07-04T01:03:15.582070+00:00,134.8,32,ask,DiligentDonuts,CostlyCorianders,6391879
2026-07-04T01:03:15.747189,2026-07-04T01:03:15.754968+00:00,134.8,68,ask,DiligentDonuts,EarnestEspressos,6391886
2026-07-04T01:03:15.759481,2026-07-04T01:03:15.768233+00:00,134.5,23,bid,Xuanyu Liu,EarnestEspressos,6391887
2026-07-04T01:03:15.901225,2026-07-04T01:03:15.909432+00:00,134.5,22,bid,Xuanyu Liu,EarnestEspressos,6391892
2026-07-04T01:03:16.687428,2026-07-04T01:03:16.693787+00:00,134.5,37,bid,CostlyCorianders,EarnestEspressos,6391907
2026-07-04T01:03:16.687428,2026-07-04T01:03:16.699229+00:00,135.3,6,bid,CostlyCorianders,DiligentDonuts,6391908
2026-07-04T01:03:16.943234,2026-07-04T01:03:16.953050+00:00,134.7,11,ask,DiligentDonuts,Xuanyu Liu,6391911
2026-07-04T01:03:23.202675,2026-07-04T01:03:23.214448+00:00,134.7,50,ask,EarnestEspressos,FlawlessFlatbreads,6391996
2026-07-04T01:03:23.771481,2026-07-04T01:03:23.779068+00:00,134.7,11,ask,EarnestEspressos,Xuanyu Liu,6392005
2026-07-04T01:03:25.257645,2026-07-04T01:03:25.269045+00:00,134.9,50,bid,FlawlessFlatbreads,EarnestEspressos,6392032
2026-07-04T01:03:27.413559,2026-07-04T01:03:27.421965+00:00,134.5,50,ask,DiligentDonuts,FlawlessFlatbreads,6392063
2026-07-04T01:03:27.946724,2026-07-04T01:03:27.958555+00:00,134.9,49,bid,CostlyCorianders,EarnestEspressos,6392071
2026-07-04T01:03:29.471586,2026-07-04T01:03:29.481041+00:00,135.0,50,bid,FlawlessFlatbreads,DiligentDonuts,6392083
2026-07-04T01:03:31.451843,2026-07-04T01:03:31.459615+00:00,134.7,12,ask,EarnestEspressos,Xuanyu Liu,6392102
2026-07-04T01:03:31.578731,2026-07-04T01:03:31.586049+00:00,134.9,50,bid,FlawlessFlatbreads,DiligentDonuts,6392104
2026-07-04T01:03:33.685928,2026-07-04T01:03:33.697463+00:00,135.0,50,bid,FlawlessFlatbreads,DiligentDonuts,6392132
2026-07-04T01:03:34.775494,2026-07-04T01:03:34.785887+00:00,134.5,46,ask,DiligentDonuts,CostlyCorianders,6392150
2026-07-04T01:03:35.393023,2026-07-04T01:03:35.404680+00:00,134.5,44,ask,DiligentDonuts,CostlyCorianders,6392159
2026-07-04T01:03:37.900646,2026-07-04T01:03:37.907025+00:00,134.9,50,bid,FlawlessFlatbreads,DiligentDonuts,6392199
2026-07-04T01:03:40.006769,2026-07-04T01:03:40.018685+00:00,134.8,50,bid,FlawlessFlatbreads,DiligentDonuts,6392239
2026-07-04T01:03:42.906162,2026-07-04T01:03:42.914246+00:00,134.6,11,ask,DiligentDonuts,Xuanyu Liu,6392282
2026-07-04T01:03:43.420055,2026-07-04T01:03:43.428075+00:00,134.6,12,ask,DiligentDonuts,Xuanyu Liu,6392294
2026-07-04T01:03:43.673501,2026-07-04T01:03:43.680891+00:00,134.9,42,bid,CostlyCorianders,EarnestEspressos,6392304
2026-07-04T01:03:44.800426,2026-07-04T01:03:44.812011+00:00,135.0,40,bid,CostlyCorianders,EarnestEspressos,6392326
2026-07-04T01:03:46.374605,2026-07-04T01:03:46.386402+00:00,134.5,50,ask,EarnestEspressos,FlawlessFlatbreads,6392354
2026-07-04T01:03:48.483499,2026-07-04T01:03:48.493309+00:00,134.4,50,ask,EarnestEspressos,FlawlessFlatbreads,6392385
2026-07-04T01:03:50.589709,2026-07-04T01:03:50.598178+00:00,134.4,50,ask,DiligentDonuts,FlawlessFlatbreads,6392408
2026-07-04T01:03:51.319062,2026-07-04T01:03:51.329079+00:00,134.4,41,ask,DiligentDonuts,CostlyCorianders,6392418
2026-07-04T01:03:52.469665,2026-07-04T01:03:52.481191+00:00,134.6,46,bid,CostlyCorianders,DiligentDonuts,6392435
2026-07-04T01:03:52.696100,2026-07-04T01:03:52.705124+00:00,134.2,50,ask,EarnestEspressos,FlawlessFlatbreads,6392444
2026-07-04T01:03:53.925140,2026-07-04T01:03:53.935802+00:00,134.5,46,bid,CostlyCorianders,EarnestEspressos,6392455
2026-07-04T01:03:54.750823,2026-07-04T01:03:54.757251+00:00,134.5,50,bid,FlawlessFlatbreads,EarnestEspressos,6392461
2026-07-04T01:03:55.009403,2026-07-04T01:03:55.018673+00:00,134.2,41,ask,DiligentDonuts,CostlyCorianders,6392462
2026-07-04T01:03:55.243906,2026-07-04T01:03:55.250809+00:00,134.5,12,bid,Xuanyu Liu,EarnestEspressos,6392467
2026-07-04T01:03:56.579380,2026-07-04T01:03:56.590998+00:00,134.2,43,ask,DiligentDonuts,CostlyCorianders,6392489
2026-07-04T01:03:56.910120,2026-07-04T01:03:56.921656+00:00,134.3,50,ask,EarnestEspressos,FlawlessFlatbreads,6392492
2026-07-04T01:03:57.631301,2026-07-04T01:03:57.642747+00:00,134.7,45,bid,CostlyCorianders,DiligentDonuts,6392504
2026-07-04T01:03:59.017802,2026-07-04T01:03:59.026445+00:00,134.3,50,ask,EarnestEspressos,FlawlessFlatbreads,6392519
2026-07-04T01:04:01.127514,2026-07-04T01:04:01.139034+00:00,134.2,50,ask,DiligentDonuts,FlawlessFlatbreads,6392561
2026-07-04T01:04:02.738364,2026-07-04T01:04:02.749969+00:00,134.6,43,bid,CostlyCorianders,DiligentDonuts,6392590
2026-07-04T01:04:02.792770,2026-07-04T01:04:02.804589+00:00,134.2,44,ask,EarnestEspressos,CostlyCorianders,6392591
2026-07-04T01:04:03.206827,2026-07-04T01:04:03.217152+00:00,134.5,11,bid,Xuanyu Liu,EarnestEspressos,6392596
2026-07-04T01:04:03.256463,2026-07-04T01:04:03.264502+00:00,134.5,42,bid,CostlyCorianders,EarnestEspressos,6392598
2026-07-04T01:04:05.285413,2026-07-04T01:04:05.295202+00:00,134.5,50,bid,FlawlessFlatbreads,EarnestEspressos,6392630
2026-07-04T01:04:07.442790,2026-07-04T01:04:07.463878+00:00,134.4,50,ask,EarnestEspressos,FlawlessFlatbreads,6392658
2026-07-04T01:04:08.221298,2026-07-04T01:04:08.233052+00:00,134.4,44,ask,EarnestEspressos,CostlyCorianders,6392669
2026-07-04T01:04:09.502350,2026-07-04T01:04:09.514031+00:00,134.8,50,bid,FlawlessFlatbreads,DiligentDonuts,6392685
2026-07-04T01:04:11.619286,2026-07-04T01:04:11.630879+00:00,134.7,50,bid,FlawlessFlatbreads,EarnestEspressos,6392705
2026-07-04T01:04:12.036067,2026-07-04T01:04:12.064012+00:00,134.7,48,bid,CostlyCorianders,EarnestEspressos,6392715
2026-07-04T01:04:13.726573,2026-07-04T01:04:13.738048+00:00,134.9,50,bid,FlawlessFlatbreads,DiligentDonuts,6392738
2026-07-04T01:04:14.058505,2026-07-04T01:04:14.065028+00:00,134.7,41,ask,EarnestEspressos,CostlyCorianders,6392744
2026-07-04T01:04:15.833886,2026-07-04T01:04:15.845799+00:00,135.2,50,bid,FlawlessFlatbreads,DiligentDonuts,6392760
2026-07-04T01:04:17.019379,2026-07-04T01:04:17.026289+00:00,134.8,11,ask,DiligentDonuts,Xuanyu Liu,6392774
2026-07-04T01:04:17.526208,2026-07-04T01:04:17.533281+00:00,134.8,12,ask,DiligentDonuts,Xuanyu Liu,6392780
2026-07-04T01:04:17.941778,2026-07-04T01:04:17.953339+00:00,135.0,50,bid,FlawlessFlatbreads,EarnestEspressos,6392785
2026-07-04T01:04:20.050237,2026-07-04T01:04:20.058559+00:00,135.0,50,bid,FlawlessFlatbreads,EarnestEspressos,6392822
2026-07-04T01:04:22.157823,2026-07-04T01:04:22.169200+00:00,135.1,50,bid,FlawlessFlatbreads,DiligentDonuts,6392857
2026-07-04T01:04:24.314925,2026-07-04T01:04:24.326637+00:00,134.9,50,ask,DiligentDonuts,FlawlessFlatbreads,6392875
2026-07-04T01:04:28.187477,2026-07-04T01:04:28.198999+00:00,134.9,46,ask,DiligentDonuts,CostlyCorianders,6392917
2026-07-04T01:04:28.526618,2026-07-04T01:04:28.536144+00:00,135.0,50,ask,EarnestEspressos,FlawlessFlatbreads,6392920
2026-07-04T01:04:29.362984,2026-07-04T01:04:29.374698+00:00,135.4,43,bid,CostlyCorianders,DiligentDonuts,6392933
2026-07-04T01:04:32.686497,2026-07-04T01:04:32.698050+00:00,135.4,50,bid,FlawlessFlatbreads,DiligentDonuts,6392975
2026-07-04T01:04:33.835993,2026-07-04T01:04:33.843948+00:00,135.0,40,ask,EarnestEspressos,CostlyCorianders,6392990
2026-07-04T01:04:36.033695,2026-07-04T01:04:36.045432+00:00,135.2,44,bid,CostlyCorianders,EarnestEspressos,6393011
2026-07-04T01:04:36.089391,2026-07-04T01:04:36.100783+00:00,135.0,41,ask,DiligentDonuts,CostlyCorianders,6393012
2026-07-04T01:04:36.948213,2026-07-04T01:04:36.958604+00:00,135.0,50,ask,DiligentDonuts,FlawlessFlatbreads,6393027
2026-07-04T01:04:39.003923,2026-07-04T01:04:39.015516+00:00,135.4,50,bid,FlawlessFlatbreads,EarnestEspressos,6393057
2026-07-04T01:04:41.112084,2026-07-04T01:04:41.123591+00:00,135.3,50,bid,FlawlessFlatbreads,DiligentDonuts,6393090
2026-07-04T01:04:41.505913,2026-07-04T01:04:41.516006+00:00,134.8,47,ask,DiligentDonuts,CostlyCorianders,6393095
2026-07-04T01:04:43.217997,2026-07-04T01:04:43.229951+00:00,135.3,50,bid,FlawlessFlatbreads,EarnestEspressos,6393118
2026-07-04T01:04:45.069916,2026-07-04T01:04:45.080099+00:00,135.0,44,ask,EarnestEspressos,CostlyCorianders,6393143
2026-07-04T01:04:45.093061,2026-07-04T01:04:45.101196+00:00,135.0,14,ask,EarnestEspressos,Xuanyu Liu,6393144
2026-07-04T01:04:45.326411,2026-07-04T01:04:45.335821+00:00,135.3,50,bid,FlawlessFlatbreads,DiligentDonuts,6393148
2026-07-04T01:04:46.607277,2026-07-04T01:04:46.618774+00:00,135.1,41,bid,CostlyCorianders,DiligentDonuts,6393169
2026-07-04T01:04:47.244708,2026-07-04T01:04:47.251018+00:00,135.0,49,ask,EarnestEspressos,CostlyCorianders,6393184
2026-07-04T01:04:49.121370,2026-07-04T01:04:49.129927+00:00,135.3,43,bid,CostlyCorianders,EarnestEspressos,6393209
2026-07-04T01:04:49.586695,2026-07-04T01:04:49.598495+00:00,134.8,50,ask,EarnestEspressos,FlawlessFlatbreads,6393219
2026-07-04T01:04:50.675685,2026-07-04T01:04:50.687376+00:00,134.8,45,ask,DiligentDonuts,CostlyCorianders,6393234
2026-07-04T01:04:52.170455,2026-07-04T01:04:52.181950+00:00,135.3,43,bid,CostlyCorianders,EarnestEspressos,6393255
2026-07-04T01:04:53.384185,2026-07-04T01:04:53.394571+00:00,135.3,47,bid,CostlyCorianders,EarnestEspressos,6393267
2026-07-04T01:04:53.814759,2026-07-04T01:04:53.823751+00:00,135.2,50,ask,EarnestEspressos,FlawlessFlatbreads,6393277
2026-07-04T01:04:55.126770,2026-07-04T01:04:55.138501+00:00,135.2,48,ask,EarnestEspressos,CostlyCorianders,6393290
2026-07-04T01:04:55.926049,2026-07-04T01:04:55.937628+00:00,135.2,50,ask,EarnestEspressos,FlawlessFlatbreads,6393299
2026-07-04T01:04:57.785215,2026-07-04T01:04:57.796772+00:00,134.9,43,ask,DiligentDonuts,CostlyCorianders,6393322
2026-07-04T01:04:58.037281,2026-07-04T01:04:58.044020+00:00,134.9,50,ask,DiligentDonuts,FlawlessFlatbreads,6393329
2026-07-04T01:05:00.144006,2026-07-04T01:05:00.155487+00:00,134.5,50,ask,DiligentDonuts,FlawlessFlatbreads,6393359
2026-07-04T01:05:01.045507,2026-07-04T01:05:01.053522+00:00,134.7,3,bid,Xuanyu Liu,EarnestEspressos,6393371
2026-07-04T01:05:01.344073,2026-07-04T01:05:01.352125+00:00,134.6,11,bid,Xuanyu Liu,DiligentDonuts,6393377
2026-07-04T01:05:02.270397,2026-07-04T01:05:02.281865+00:00,134.2,50,ask,EarnestEspressos,FlawlessFlatbreads,6393392
2026-07-04T01:05:04.378539,2026-07-04T01:05:04.390002+00:00,134.1,50,ask,DiligentDonuts,FlawlessFlatbreads,6393428
2026-07-04T01:05:04.495559,2026-07-04T01:05:04.504733+00:00,134.1,100,ask,EarnestEspressos,DiligentDonuts,6393430
2026-07-04T01:05:06.331683,2026-07-04T01:05:06.343623+00:00,134.6,42,bid,CostlyCorianders,EarnestEspressos,6393459
2026-07-04T01:05:06.487585,2026-07-04T01:05:06.498132+00:00,133.7,50,ask,EarnestEspressos,FlawlessFlatbreads,6393466
2026-07-04T01:05:06.491089,2026-07-04T01:05:06.498132+00:00,134.2,23,bid,Xuanyu Liu,EarnestEspressos,6393467
2026-07-04T01:05:07.091056,2026-07-04T01:05:07.099231+00:00,134.2,12,bid,Xuanyu Liu,EarnestEspressos,6393475
2026-07-04T01:05:07.602907,2026-07-04T01:05:07.613347+00:00,134.2,100,bid,DiligentDonuts,EarnestEspressos,6393480
2026-07-04T01:05:08.593001,2026-07-04T01:05:08.604709+00:00,133.7,50,ask,EarnestEspressos,FlawlessFlatbreads,6393500
2026-07-04T01:05:10.700684,2026-07-04T01:05:10.712386+00:00,134.0,50,ask,EarnestEspressos,FlawlessFlatbreads,6393523
2026-07-04T01:05:11.841277,2026-07-04T01:05:11.852998+00:00,134.0,46,ask,EarnestEspressos,CostlyCorianders,6393538
2026-07-04T01:05:12.807376,2026-07-04T01:05:12.819767+00:00,134.0,50,ask,DiligentDonuts,FlawlessFlatbreads,6393560
2026-07-04T01:05:12.811627,2026-07-04T01:05:12.819767+00:00,134.1,11,bid,Xuanyu Liu,EarnestEspressos,6393561
2026-07-04T01:05:14.943794,2026-07-04T01:05:14.955041+00:00,133.9,50,ask,DiligentDonuts,FlawlessFlatbreads,6393583
2026-07-04T01:05:16.579011,2026-07-04T01:05:16.586619+00:00,134.0,11,bid,Xuanyu Liu,EarnestEspressos,6393603
2026-07-04T01:05:17.001474,2026-07-04T01:05:17.008808+00:00,134.0,50,bid,FlawlessFlatbreads,EarnestEspressos,6393610
2026-07-04T01:05:17.425869,2026-07-04T01:05:17.437264+00:00,134.0,47,bid,CostlyCorianders,EarnestEspressos,6393614
2026-07-04T01:05:18.546978,2026-07-04T01:05:18.558785+00:00,134.0,42,bid,CostlyCorianders,EarnestEspressos,6393631
2026-07-04T01:05:18.546978,2026-07-04T01:05:18.558785+00:00,134.1,5,bid,CostlyCorianders,DiligentDonuts,6393632
2026-07-04T01:05:18.605270,2026-07-04T01:05:18.616715+00:00,133.6,44,ask,DiligentDonuts,CostlyCorianders,6393635
2026-07-04T01:05:19.075189,2026-07-04T01:05:19.083813+00:00,133.9,11,ask,EarnestEspressos,Xuanyu Liu,6393641
2026-07-04T01:05:19.107938,2026-07-04T01:05:19.119447+00:00,134.1,50,bid,FlawlessFlatbreads,DiligentDonuts,6393643
2026-07-04T01:05:19.179879,2026-07-04T01:05:19.191566+00:00,134.1,40,bid,CostlyCorianders,DiligentDonuts,6393647
2026-07-04T01:05:20.250663,2026-07-04T01:05:20.254147+00:00,133.9,48,ask,EarnestEspressos,CostlyCorianders,6393663
2026-07-04T01:05:21.266659,2026-07-04T01:05:21.275407+00:00,134.1,42,bid,CostlyCorianders,DiligentDonuts,6393680
2026-07-04T01:05:23.338917,2026-07-04T01:05:23.350334+00:00,134.1,50,bid,FlawlessFlatbreads,DiligentDonuts,6393707
2026-07-04T01:05:25.458437,2026-07-04T01:05:25.470143+00:00,133.9,42,ask,DiligentDonuts,CostlyCorianders,6393732
2026-07-04T01:05:25.463090,2026-07-04T01:05:25.470143+00:00,134.4,50,bid,FlawlessFlatbreads,DiligentDonuts,6393733
2026-07-04T01:05:26.002268,2026-07-04T01:05:26.013930+00:00,133.9,43,ask,DiligentDonuts,CostlyCorianders,6393745
2026-07-04T01:05:27.569804,2026-07-04T01:05:27.581598+00:00,134.2,50,bid,FlawlessFlatbreads,EarnestEspressos,6393759
2026-07-04T01:05:29.747881,2026-07-04T01:05:29.758593+00:00,134.1,50,ask,EarnestEspressos,FlawlessFlatbreads,6393783
2026-07-04T01:05:30.897790,2026-07-04T01:05:30.909400+00:00,134.5,45,bid,CostlyCorianders,DiligentDonuts,6393799
2026-07-04T01:05:33.088532,2026-07-04T01:05:33.104744+00:00,134.1,46,ask,DiligentDonuts,CostlyCorianders,6393831
2026-07-04T01:05:33.906056,2026-07-04T01:05:33.917474+00:00,134.4,50,bid,FlawlessFlatbreads,EarnestEspressos,6393848
2026-07-04T01:05:36.012768,2026-07-04T01:05:36.019498+00:00,134.5,50,bid,FlawlessFlatbreads,EarnestEspressos,6393876
2026-07-04T01:05:36.870927,2026-07-04T01:05:36.882500+00:00,134.5,41,bid,CostlyCorianders,EarnestEspressos,6393890
2026-07-04T01:05:38.085536,2026-07-04T01:05:38.094044+00:00,134.4,23,ask,EarnestEspressos,Xuanyu Liu,6393904
2026-07-04T01:05:38.120089,2026-07-04T01:05:38.132067+00:00,134.6,50,bid,FlawlessFlatbreads,DiligentDonuts,6393906
2026-07-04T01:05:39.148230,2026-07-04T01:05:39.155247+00:00,134.4,11,ask,EarnestEspressos,Xuanyu Liu,6393917
2026-07-04T01:05:39.860370,2026-07-04T01:05:39.872265+00:00,134.4,42,ask,EarnestEspressos,CostlyCorianders,6393931
2026-07-04T01:05:40.226730,2026-07-04T01:05:40.238474+00:00,134.6,50,bid,FlawlessFlatbreads,DiligentDonuts,6393939
2026-07-04T01:05:41.842265,2026-07-04T01:05:41.853755+00:00,134.1,48,ask,DiligentDonuts,CostlyCorianders,6393968
2026-07-04T01:05:42.334360,2026-07-04T01:05:42.345894+00:00,134.6,50,bid,FlawlessFlatbreads,DiligentDonuts,6393975
2026-07-04T01:05:42.893491,2026-07-04T01:05:42.905212+00:00,134.6,43,bid,CostlyCorianders,EarnestEspressos,6393982
2026-07-04T01:05:44.443609,2026-07-04T01:05:44.447101+00:00,134.6,50,bid,FlawlessFlatbreads,DiligentDonuts,6393998
2026-07-04T01:05:44.850382,2026-07-04T01:05:44.856832+00:00,134.6,44,bid,CostlyCorianders,DiligentDonuts,6394004
2026-07-04T01:05:45.598032,2026-07-04T01:05:45.606192+00:00,134.4,12,ask,DiligentDonuts,Xuanyu Liu,6394008
2026-07-04T01:05:46.601664,2026-07-04T01:05:46.613457+00:00,134.4,50,ask,DiligentDonuts,FlawlessFlatbreads,6394027
2026-07-04T01:05:48.370709,2026-07-04T01:05:48.382202+00:00,134.4,38,ask,DiligentDonuts,CostlyCorianders,6394050
2026-07-04T01:05:48.370709,2026-07-04T01:05:48.382202+00:00,134.4,7,ask,EarnestEspressos,CostlyCorianders,6394051
2026-07-04T01:05:48.658109,2026-07-04T01:05:48.669668+00:00,134.9,50,bid,FlawlessFlatbreads,DiligentDonuts,6394057
2026-07-04T01:05:49.903453,2026-07-04T01:05:49.919303+00:00,134.9,42,bid,CostlyCorianders,EarnestEspressos,6394071
2026-07-04T01:05:50.361467,2026-07-04T01:05:50.373151+00:00,134.6,41,ask,DiligentDonuts,CostlyCorianders,6394079
2026-07-04T01:05:52.013668,2026-07-04T01:05:52.021517+00:00,134.5,11,ask,EarnestEspressos,Xuanyu Liu,6394104
2026-07-04T01:05:52.871816,2026-07-04T01:05:52.883444+00:00,135.0,50,bid,FlawlessFlatbreads,EarnestEspressos,6394114
2026-07-04T01:05:54.482753,2026-07-04T01:05:54.490531+00:00,135.0,42,bid,CostlyCorianders,DiligentDonuts,6394140
2026-07-04T01:05:56.862371,2026-07-04T01:05:56.873934+00:00,134.5,42,ask,EarnestEspressos,CostlyCorianders,6394174
2026-07-04T01:05:57.140101,2026-07-04T01:05:57.150423+00:00,134.4,50,ask,DiligentDonuts,FlawlessFlatbreads,6394180
2026-07-04T01:05:58.403509,2026-07-04T01:05:58.412032+00:00,134.5,42,bid,CostlyCorianders,DiligentDonuts,6394193
2026-07-04T01:05:58.911067,2026-07-04T01:05:58.920879+00:00,134.3,41,ask,EarnestEspressos,CostlyCorianders,6394203
2026-07-04T01:05:59.195124,2026-07-04T01:05:59.206537+00:00,134.5,50,bid,FlawlessFlatbreads,DiligentDonuts,6394210
2026-07-04T01:05:59.509201,2026-07-04T01:05:59.520895+00:00,134.3,41,ask,EarnestEspressos,CostlyCorianders,6394212
2026-07-04T01:06:01.351898,2026-07-04T01:06:01.360357+00:00,134.0,50,ask,DiligentDonuts,FlawlessFlatbreads,6394242
2026-07-04T01:06:03.459777,2026-07-04T01:06:03.471178+00:00,134.1,50,ask,DiligentDonuts,FlawlessFlatbreads,6394270
2026-07-04T01:06:05.565877,2026-07-04T01:06:05.577433+00:00,134.0,50,ask,DiligentDonuts,FlawlessFlatbreads,6394291
2026-07-04T01:06:07.521908,2026-07-04T01:06:07.532314+00:00,134.5,46,bid,CostlyCorianders,DiligentDonuts,6394315
2026-07-04T01:06:07.675670,2026-07-04T01:06:07.687182+00:00,134.0,50,ask,DiligentDonuts,FlawlessFlatbreads,6394319
2026-07-04T01:06:09.783302,2026-07-04T01:06:09.794932+00:00,134.0,50,ask,EarnestEspressos,FlawlessFlatbreads,6394343
2026-07-04T01:06:11.107419,2026-07-04T01:06:11.118430+00:00,134.4,44,bid,CostlyCorianders,DiligentDonuts,6394354
2026-07-04T01:06:12.062992,2026-07-04T01:06:12.074666+00:00,134.4,41,bid,CostlyCorianders,DiligentDonuts,6394361
2026-07-04T01:06:12.923820,2026-07-04T01:06:12.932461+00:00,134.3,11,bid,Xuanyu Liu,EarnestEspressos,6394378
2026-07-04T01:06:13.959996,2026-07-04T01:06:13.971497+00:00,134.3,50,bid,FlawlessFlatbreads,EarnestEspressos,6394392
2026-07-04T01:06:14.070504,2026-07-04T01:06:14.079113+00:00,134.3,89,bid,DiligentDonuts,EarnestEspressos,6394393
2026-07-04T01:06:15.183057,2026-07-04T01:06:15.190197+00:00,134.3,11,ask,DiligentDonuts,CostlyCorianders,6394407
2026-07-04T01:06:15.183057,2026-07-04T01:06:15.195247+00:00,133.8,31,ask,EarnestEspressos,CostlyCorianders,6394408
2026-07-04T01:06:16.084488,2026-07-04T01:06:16.095639+00:00,134.8,50,bid,FlawlessFlatbreads,DiligentDonuts,6394415
2026-07-04T01:06:16.234392,2026-07-04T01:06:16.246049+00:00,134.3,47,ask,EarnestEspressos,CostlyCorianders,6394425
2026-07-04T01:06:17.249746,2026-07-04T01:06:17.258625+00:00,134.8,45,bid,CostlyCorianders,EarnestEspressos,6394438
2026-07-04T01:06:17.815210,2026-07-04T01:06:17.826838+00:00,134.3,44,ask,EarnestEspressos,CostlyCorianders,6394446
2026-07-04T01:06:18.192419,2026-07-04T01:06:18.203990+00:00,134.5,50,bid,FlawlessFlatbreads,DiligentDonuts,6394450
2026-07-04T01:06:18.240338,2026-07-04T01:06:18.248453+00:00,134.3,11,ask,EarnestEspressos,Xuanyu Liu,6394453
2026-07-04T01:06:18.283822,2026-07-04T01:06:18.295510+00:00,134.5,47,bid,CostlyCorianders,DiligentDonuts,6394455
2026-07-04T01:06:18.801723,2026-07-04T01:06:18.811044+00:00,134.3,41,ask,EarnestEspressos,CostlyCorianders,6394461
2026-07-04T01:06:19.373590,2026-07-04T01:06:19.381367+00:00,134.1,40,bid,CostlyCorianders,EarnestEspressos,6394471
2026-07-04T01:06:19.549312,2026-07-04T01:06:19.557183+00:00,134.1,23,bid,Xuanyu Liu,EarnestEspressos,6394476
2026-07-04T01:06:20.297257,2026-07-04T01:06:20.308826+00:00,134.1,50,bid,FlawlessFlatbreads,EarnestEspressos,6394489
2026-07-04T01:06:20.401424,2026-07-04T01:06:20.413233+00:00,134.1,37,bid,DiligentDonuts,EarnestEspressos,6394491
2026-07-04T01:06:20.874857,2026-07-04T01:06:20.884243+00:00,134.3,47,ask,DiligentDonuts,CostlyCorianders,6394495
2026-07-04T01:06:22.367273,2026-07-04T01:06:22.375026+00:00,134.6,23,ask,EarnestEspressos,Xuanyu Liu,6394517
2026-07-04T01:06:23.497621,2026-07-04T01:06:23.505225+00:00,134.6,3,ask,EarnestEspressos,Xuanyu Liu,6394531
2026-07-04T01:06:23.616205,2026-07-04T01:06:23.628147+00:00,134.6,100,ask,EarnestEspressos,DiligentDonuts,6394533
2026-07-04T01:06:26.649956,2026-07-04T01:06:26.658005+00:00,134.5,50,bid,FlawlessFlatbreads,EarnestEspressos,6394580
2026-07-04T01:06:27.582699,2026-07-04T01:06:27.600466+00:00,134.0,49,ask,EarnestEspressos,CostlyCorianders,6394593
2026-07-04T01:06:28.665302,2026-07-04T01:06:28.676673+00:00,134.5,42,bid,CostlyCorianders,DiligentDonuts,6394607
2026-07-04T01:06:28.780986,2026-07-04T01:06:28.788344+00:00,134.2,3,bid,Xuanyu Liu,EarnestEspressos,6394610
2026-07-04T01:06:28.834777,2026-07-04T01:06:28.846176+00:00,134.0,50,ask,DiligentDonuts,FlawlessFlatbreads,6394612
2026-07-04T01:06:29.887529,2026-07-04T01:06:29.896337+00:00,134.2,100,bid,DiligentDonuts,EarnestEspressos,6394630
2026-07-04T01:06:30.286338,2026-07-04T01:06:30.298186+00:00,134.2,44,bid,CostlyCorianders,EarnestEspressos,6394637
2026-07-04T01:06:30.889288,2026-07-04T01:06:30.900749+00:00,134.2,3,bid,FlawlessFlatbreads,EarnestEspressos,6394648
2026-07-04T01:06:30.889288,2026-07-04T01:06:30.900749+00:00,134.7,47,bid,FlawlessFlatbreads,DiligentDonuts,6394649
2026-07-04T01:06:31.859410,2026-07-04T01:06:31.867876+00:00,134.5,3,ask,EarnestEspressos,Xuanyu Liu,6394662
2026-07-04T01:06:33.090725,2026-07-04T01:06:33.102498+00:00,134.5,41,ask,EarnestEspressos,CostlyCorianders,6394678
2026-07-04T01:06:33.103442,2026-07-04T01:06:33.112725+00:00,134.5,100,ask,EarnestEspressos,DiligentDonuts,6394679
2026-07-04T01:06:36.212302,2026-07-04T01:06:36.222181+00:00,134.2,100,bid,DiligentDonuts,EarnestEspressos,6394725
2026-07-04T01:06:37.275334,2026-07-04T01:06:37.284933+00:00,133.7,50,ask,EarnestEspressos,FlawlessFlatbreads,6394738
2026-07-04T01:06:39.386817,2026-07-04T01:06:39.396460+00:00,133.9,50,ask,EarnestEspressos,FlawlessFlatbreads,6394769
2026-07-04T01:06:40.892634,2026-07-04T01:06:40.901146+00:00,134.4,49,bid,CostlyCorianders,EarnestEspressos,6394787
2026-07-04T01:06:41.442549,2026-07-04T01:06:41.458692+00:00,134.3,50,bid,FlawlessFlatbreads,EarnestEspressos,6394796
2026-07-04T01:06:41.503385,2026-07-04T01:06:41.510526+00:00,133.9,44,ask,DiligentDonuts,CostlyCorianders,6394799
2026-07-04T01:06:41.878045,2026-07-04T01:06:41.884891+00:00,134.3,3,bid,Xuanyu Liu,EarnestEspressos,6394806
2026-07-04T01:06:42.095448,2026-07-04T01:06:42.106806+00:00,134.3,44,bid,CostlyCorianders,EarnestEspressos,6394812
2026-07-04T01:06:43.268435,2026-07-04T01:06:43.279983+00:00,134.1,42,ask,DiligentDonuts,CostlyCorianders,6394833
2026-07-04T01:06:43.601342,2026-07-04T01:06:43.612835+00:00,134.1,50,ask,DiligentDonuts,FlawlessFlatbreads,6394837
2026-07-04T01:06:43.838917,2026-07-04T01:06:43.850591+00:00,134.1,8,ask,DiligentDonuts,CostlyCorianders,6394843
2026-07-04T01:06:44.497616,2026-07-04T01:06:44.505760+00:00,134.3,3,ask,EarnestEspressos,Xuanyu Liu,6394850
2026-07-04T01:06:45.710077,2026-07-04T01:06:45.717811+00:00,134.3,50,ask,EarnestEspressos,FlawlessFlatbreads,6394867
2026-07-04T01:06:45.754428,2026-07-04T01:06:45.774016+00:00,134.3,97,ask,EarnestEspressos,DiligentDonuts,6394869
2026-07-04T01:06:45.766062,2026-07-04T01:06:45.774016+00:00,134.0,3,bid,Xuanyu Liu,DiligentDonuts,6394870
2026-07-04T01:06:46.576427,2026-07-04T01:06:46.588041+00:00,134.8,43,bid,CostlyCorianders,EarnestEspressos,6394880
2026-07-04T01:06:47.816782,2026-07-04T01:06:47.828335+00:00,133.8,50,ask,EarnestEspressos,FlawlessFlatbreads,6394895
2026-07-04T01:06:49.923193,2026-07-04T01:06:49.934980+00:00,133.8,50,ask,EarnestEspressos,FlawlessFlatbreads,6394921
2026-07-04T01:06:50.884054,2026-07-04T01:06:50.892874+00:00,134.0,11,bid,Xuanyu Liu,EarnestEspressos,6394935
2026-07-04T01:06:52.031029,2026-07-04T01:06:52.039179+00:00,133.8,50,ask,DiligentDonuts,FlawlessFlatbreads,6394945
2026-07-04T01:06:52.168036,2026-07-04T01:06:52.178378+00:00,134.0,43,bid,CostlyCorianders,EarnestEspressos,6394950
2026-07-04T01:06:52.713004,2026-07-04T01:06:52.724591+00:00,133.8,41,ask,DiligentDonuts,CostlyCorianders,6394959
2026-07-04T01:06:53.316665,2026-07-04T01:06:53.328352+00:00,134.0,43,bid,CostlyCorianders,EarnestEspressos,6394968
2026-07-04T01:06:55.238698,2026-07-04T01:06:55.250310+00:00,133.9,100,ask,EarnestEspressos,DiligentDonuts,6394991
2026-07-04T01:06:56.062638,2026-07-04T01:06:56.069072+00:00,133.9,46,ask,EarnestEspressos,CostlyCorianders,6395004
2026-07-04T01:06:56.195584,2026-07-04T01:06:56.202963+00:00,134.4,50,bid,FlawlessFlatbreads,EarnestEspressos,6395007
2026-07-04T01:06:57.599514,2026-07-04T01:06:57.607147+00:00,134.0,12,bid,Xuanyu Liu,EarnestEspressos,6395032
2026-07-04T01:06:58.304031,2026-07-04T01:06:58.317351+00:00,134.0,50,bid,FlawlessFlatbreads,EarnestEspressos,6395047
2026-07-04T01:06:58.349039,2026-07-04T01:06:58.355610+00:00,134.0,88,bid,DiligentDonuts,EarnestEspressos,6395048
2026-07-04T01:06:58.911520,2026-07-04T01:06:58.920025+00:00,134.0,12,ask,DiligentDonuts,Xuanyu Liu,6395053
2026-07-04T01:07:00.412382,2026-07-04T01:07:00.423920+00:00,134.5,50,bid,FlawlessFlatbreads,DiligentDonuts,6395068
2026-07-04T01:07:02.266308,2026-07-04T01:07:02.278201+00:00,134.1,40,bid,CostlyCorianders,DiligentDonuts,6395095
2026-07-04T01:07:02.519269,2026-07-04T01:07:02.530868+00:00,134.1,50,bid,FlawlessFlatbreads,DiligentDonuts,6395097
2026-07-04T01:07:02.832030,2026-07-04T01:07:02.840046+00:00,134.1,10,bid,Xuanyu Liu,DiligentDonuts,6395101
2026-07-04T01:07:03.771122,2026-07-04T01:07:03.782556+00:00,134.3,46,ask,EarnestEspressos,CostlyCorianders,6395114
2026-07-04T01:07:04.146222,2026-07-04T01:07:04.154152+00:00,134.3,10,ask,EarnestEspressos,Xuanyu Liu,6395122
2026-07-04T01:07:04.324632,2026-07-04T01:07:04.335266+00:00,134.3,46,ask,EarnestEspressos,CostlyCorianders,6395125
2026-07-04T01:07:04.627269,2026-07-04T01:07:04.638972+00:00,134.8,50,bid,FlawlessFlatbreads,EarnestEspressos,6395131
2026-07-04T01:07:04.930943,2026-07-04T01:07:04.941772+00:00,134.3,46,ask,EarnestEspressos,CostlyCorianders,6395135
2026-07-04T01:07:06.737880,2026-07-04T01:07:06.749265+00:00,134.4,50,bid,FlawlessFlatbreads,EarnestEspressos,6395153
2026-07-04T01:07:08.680231,2026-07-04T01:07:08.691751+00:00,134.4,43,bid,CostlyCorianders,EarnestEspressos,6395171
2026-07-04T01:07:08.844080,2026-07-04T01:07:08.853412+00:00,134.4,50,bid,FlawlessFlatbreads,EarnestEspressos,6395176
2026-07-04T01:07:09.834749,2026-07-04T01:07:09.846442+00:00,134.6,100,bid,EarnestEspressos,DiligentDonuts,6395185
2026-07-04T01:07:09.898189,2026-07-04T01:07:09.906225+00:00,134.6,11,ask,EarnestEspressos,Xuanyu Liu,6395187
2026-07-04T01:07:10.703100,2026-07-04T01:07:10.711690+00:00,134.6,3,ask,EarnestEspressos,Xuanyu Liu,6395202
2026-07-04T01:07:10.950060,2026-07-04T01:07:10.958590+00:00,135.1,50,bid,FlawlessFlatbreads,EarnestEspressos,6395208
2026-07-04T01:07:13.056389,2026-07-04T01:07:13.065261+00:00,135.0,50,bid,FlawlessFlatbreads,DiligentDonuts,6395249
2026-07-04T01:07:15.161546,2026-07-04T01:07:15.172989+00:00,135.0,50,bid,FlawlessFlatbreads,EarnestEspressos,6395266
2026-07-04T01:07:17.320075,2026-07-04T01:07:17.328027+00:00,134.7,50,ask,EarnestEspressos,FlawlessFlatbreads,6395295
2026-07-04T01:07:17.548682,2026-07-04T01:07:17.554949+00:00,135.2,47,bid,CostlyCorianders,EarnestEspressos,6395297
2026-07-04T01:07:18.903509,2026-07-04T01:07:18.915615+00:00,135.0,49,ask,DiligentDonuts,CostlyCorianders,6395314
2026-07-04T01:07:19.374972,2026-07-04T01:07:19.384482+00:00,135.1,50,bid,FlawlessFlatbreads,EarnestEspressos,6395319
2026-07-04T01:07:23.558690,2026-07-04T01:07:23.570214+00:00,134.9,42,ask,EarnestEspressos,CostlyCorianders,6395362
2026-07-04T01:07:23.634639,2026-07-04T01:07:23.642916+00:00,134.9,50,ask,EarnestEspressos,FlawlessFlatbreads,6395363
2026-07-04T01:07:24.159128,2026-07-04T01:07:24.170922+00:00,135.4,48,bid,CostlyCorianders,EarnestEspressos,6395365
2026-07-04T01:07:24.741602,2026-07-04T01:07:24.753049+00:00,134.9,49,ask,EarnestEspressos,CostlyCorianders,6395376
2026-07-04T01:07:25.747702,2026-07-04T01:07:25.763582+00:00,134.9,50,ask,DiligentDonuts,FlawlessFlatbreads,6395387
2026-07-04T01:07:27.854885,2026-07-04T01:07:27.866565+00:00,134.6,50,ask,EarnestEspressos,FlawlessFlatbreads,6395407
2026-07-04T01:07:29.935096,2026-07-04T01:07:29.958606+00:00,134.9,48,bid,CostlyCorianders,EarnestEspressos,6395438
2026-07-04T01:07:29.963665,2026-07-04T01:07:29.973969+00:00,134.4,50,ask,EarnestEspressos,FlawlessFlatbreads,6395440
2026-07-04T01:07:32.068734,2026-07-04T01:07:32.080272+00:00,134.6,50,ask,DiligentDonuts,FlawlessFlatbreads,6395465
2026-07-04T01:07:34.176329,2026-07-04T01:07:34.184959+00:00,134.6,50,ask,DiligentDonuts,FlawlessFlatbreads,6395492
2026-07-04T01:07:35.660185,2026-07-04T01:07:35.671548+00:00,134.9,40,bid,CostlyCorianders,EarnestEspressos,6395511
2026-07-04T01:07:36.037368,2026-07-04T01:07:36.044531+00:00,134.9,3,bid,Xuanyu Liu,EarnestEspressos,6395516
2026-07-04T01:07:36.283406,2026-07-04T01:07:36.295860+00:00,134.4,50,ask,EarnestEspressos,FlawlessFlatbreads,6395525
2026-07-04T01:07:37.952606,2026-07-04T01:07:37.964321+00:00,134.6,41,ask,DiligentDonuts,CostlyCorianders,6395542
2026-07-04T01:07:38.406586,2026-07-04T01:07:38.417409+00:00,134.6,50,ask,DiligentDonuts,FlawlessFlatbreads,6395545
2026-07-04T01:07:39.559777,2026-07-04T01:07:39.567042+00:00,134.9,11,bid,Xuanyu Liu,DiligentDonuts,6395558
2026-07-04T01:07:40.513530,2026-07-04T01:07:40.524921+00:00,134.6,50,ask,EarnestEspressos,FlawlessFlatbreads,6395581
2026-07-04T01:07:42.159538,2026-07-04T01:07:42.168686+00:00,134.8,45,bid,CostlyCorianders,EarnestEspressos,6395601
2026-07-04T01:07:42.569677,2026-07-04T01:07:42.581485+00:00,134.8,50,bid,FlawlessFlatbreads,EarnestEspressos,6395606
2026-07-04T01:07:42.678380,2026-07-04T01:07:42.689860+00:00,134.8,46,bid,CostlyCorianders,EarnestEspressos,6395609
2026-07-04T01:07:44.634072,2026-07-04T01:07:44.641822+00:00,134.8,100,bid,EarnestEspressos,DiligentDonuts,6395633
2026-07-04T01:07:44.700233,2026-07-04T01:07:44.708019+00:00,134.8,11,ask,EarnestEspressos,Xuanyu Liu,6395637
2026-07-04T01:07:45.278749,2026-07-04T01:07:45.290451+00:00,134.8,39,ask,EarnestEspressos,CostlyCorianders,6395645
2026-07-04T01:07:45.278749,2026-07-04T01:07:45.290451+00:00,134.3,7,ask,DiligentDonuts,CostlyCorianders,6395646
2026-07-04T01:07:46.787074,2026-07-04T01:07:46.798712+00:00,135.0,50,bid,FlawlessFlatbreads,DiligentDonuts,6395671
2026-07-04T01:07:47.989371,2026-07-04T01:07:48.000894+00:00,134.5,47,ask,DiligentDonuts,CostlyCorianders,6395682
2026-07-04T01:07:48.894078,2026-07-04T01:07:48.905915+00:00,134.7,40,bid,CostlyCorianders,EarnestEspressos,6395705
2026-07-04T01:07:48.898746,2026-07-04T01:07:48.905915+00:00,134.7,50,bid,FlawlessFlatbreads,EarnestEspressos,6395706
2026-07-04T01:07:49.508095,2026-07-04T01:07:49.519658+00:00,134.4,40,ask,DiligentDonuts,CostlyCorianders,6395721
2026-07-04T01:07:50.523507,2026-07-04T01:07:50.534642+00:00,134.7,48,bid,CostlyCorianders,EarnestEspressos,6395726
2026-07-04T01:07:51.009623,2026-07-04T01:07:51.022122+00:00,134.9,50,bid,FlawlessFlatbreads,DiligentDonuts,6395734
2026-07-04T01:07:51.169239,2026-07-04T01:07:51.180650+00:00,134.7,47,ask,EarnestEspressos,CostlyCorianders,6395736
2026-07-04T01:07:53.116357,2026-07-04T01:07:53.128202+00:00,135.1,50,bid,FlawlessFlatbreads,DiligentDonuts,6395765
2026-07-04T01:07:53.652143,2026-07-04T01:07:53.658928+00:00,135.1,43,bid,CostlyCorianders,DiligentDonuts,6395771
2026-07-04T01:07:54.768218,2026-07-04T01:07:54.779766+00:00,134.8,41,ask,EarnestEspressos,CostlyCorianders,6395790
2026-07-04T01:07:55.224148,2026-07-04T01:07:55.235808+00:00,135.1,7,bid,FlawlessFlatbreads,DiligentDonuts,6395795
2026-07-04T01:07:55.224148,2026-07-04T01:07:55.235808+00:00,135.3,43,bid,FlawlessFlatbreads,EarnestEspressos,6395796
2026-07-04T01:07:55.888880,2026-07-04T01:07:55.896024+00:00,135.2,40,ask,DiligentDonuts,CostlyCorianders,6395803
2026-07-04T01:07:57.337721,2026-07-04T01:07:57.349249+00:00,135.7,50,bid,FlawlessFlatbreads,DiligentDonuts,6395822
2026-07-04T01:07:59.448179,2026-07-04T01:07:59.458593+00:00,135.4,50,bid,FlawlessFlatbreads,EarnestEspressos,6395857
2026-07-04T01:08:01.453043,2026-07-04T01:08:01.463800+00:00,135.6,48,bid,CostlyCorianders,EarnestEspressos,6395895
2026-07-04T01:08:01.554739,2026-07-04T01:08:01.566287+00:00,135.6,50,bid,FlawlessFlatbreads,EarnestEspressos,6395896
2026-07-04T01:08:02.043454,2026-07-04T01:08:02.049733+00:00,135.3,41,ask,DiligentDonuts,CostlyCorianders,6395899
2026-07-04T01:08:02.501664,2026-07-04T01:08:02.513626+00:00,135.6,43,bid,CostlyCorianders,EarnestEspressos,6395908
2026-07-04T01:08:03.159480,2026-07-04T01:08:03.169503+00:00,135.3,3,ask,DiligentDonuts,Xuanyu Liu,6395917
2026-07-04T01:08:03.685104,2026-07-04T01:08:03.693582+00:00,135.7,14,ask,EarnestEspressos,Xuanyu Liu,6395927
2026-07-04T01:08:03.711248,2026-07-04T01:08:03.723007+00:00,135.7,50,ask,EarnestEspressos,FlawlessFlatbreads,6395929
2026-07-04T01:08:04.459428,2026-07-04T01:08:04.468008+00:00,135.7,12,ask,EarnestEspressos,Xuanyu Liu,6395941
2026-07-04T01:08:04.871541,2026-07-04T01:08:04.880876+00:00,135.7,74,ask,EarnestEspressos,DiligentDonuts,6395948
2026-07-04T01:08:05.090877,2026-07-04T01:08:05.099242+00:00,135.4,23,bid,Xuanyu Liu,DiligentDonuts,6395951
2026-07-04T01:08:05.818841,2026-07-04T01:08:05.826089+00:00,134.9,50,ask,DiligentDonuts,FlawlessFlatbreads,6395964
2026-07-04T01:08:07.321192,2026-07-04T01:08:07.332718+00:00,135.4,3,bid,CostlyCorianders,DiligentDonuts,6395979
2026-07-04T01:08:07.321192,2026-07-04T01:08:07.332718+00:00,135.5,44,bid,CostlyCorianders,EarnestEspressos,6395980
2026-07-04T01:08:07.928204,2026-07-04T01:08:07.935197+00:00,135.0,50,ask,EarnestEspressos,FlawlessFlatbreads,6395993
2026-07-04T01:08:09.933749,2026-07-04T01:08:09.942159+00:00,135.5,3,bid,Xuanyu Liu,EarnestEspressos,6396020
2026-07-04T01:08:10.033520,2026-07-04T01:08:10.045274+00:00,135.2,50,ask,EarnestEspressos,FlawlessFlatbreads,6396022
2026-07-04T01:08:10.436437,2026-07-04T01:08:10.444964+00:00,135.2,41,ask,EarnestEspressos,CostlyCorianders,6396027
2026-07-04T01:08:12.089051,2026-07-04T01:08:12.100655+00:00,135.7,50,bid,FlawlessFlatbreads,EarnestEspressos,6396040
2026-07-04T01:08:14.251033,2026-07-04T01:08:14.259884+00:00,134.9,50,ask,EarnestEspressos,FlawlessFlatbreads,6396066
2026-07-04T01:08:15.880937,2026-07-04T01:08:15.890283+00:00,135.4,45,bid,CostlyCorianders,EarnestEspressos,6396092
2026-07-04T01:08:16.307570,2026-07-04T01:08:16.319116+00:00,135.8,50,bid,FlawlessFlatbreads,DiligentDonuts,6396096
2026-07-04T01:08:17.465082,2026-07-04T01:08:17.476757+00:00,135.6,100,bid,DiligentDonuts,EarnestEspressos,6396112
2026-07-04T01:08:18.464978,2026-07-04T01:08:18.476933+00:00,135.1,50,ask,EarnestEspressos,FlawlessFlatbreads,6396125
2026-07-04T01:08:18.506472,2026-07-04T01:08:18.518370+00:00,135.1,47,ask,EarnestEspressos,CostlyCorianders,6396126
2026-07-04T01:08:20.572887,2026-07-04T01:08:20.584433+00:00,134.9,50,ask,EarnestEspressos,FlawlessFlatbreads,6396147
2026-07-04T01:08:22.024623,2026-07-04T01:08:22.036036+00:00,135.1,41,ask,DiligentDonuts,CostlyCorianders,6396167
2026-07-04T01:08:22.686779,2026-07-04T01:08:22.698208+00:00,135.1,50,ask,DiligentDonuts,FlawlessFlatbreads,6396178
2026-07-04T01:08:22.714043,2026-07-04T01:08:22.722440+00:00,135.1,9,ask,DiligentDonuts,EarnestEspressos,6396180
2026-07-04T01:08:23.205570,2026-07-04T01:08:23.213034+00:00,135.1,45,bid,CostlyCorianders,EarnestEspressos,6396187
2026-07-04T01:08:24.723721,2026-07-04T01:08:24.735422+00:00,135.1,41,bid,CostlyCorianders,EarnestEspressos,6396199
2026-07-04T01:08:25.259035,2026-07-04T01:08:25.270786+00:00,134.6,48,ask,EarnestEspressos,CostlyCorianders,6396208
2026-07-04T01:08:26.855413,2026-07-04T01:08:26.869436+00:00,135.1,50,bid,FlawlessFlatbreads,DiligentDonuts,6396235
2026-07-04T01:08:27.169154,2026-07-04T01:08:27.180666+00:00,135.2,42,bid,CostlyCorianders,DiligentDonuts,6396238
2026-07-04T01:08:28.823690,2026-07-04T01:08:28.831330+00:00,134.8,47,ask,EarnestEspressos,CostlyCorianders,6396259
2026-07-04T01:08:28.962346,2026-07-04T01:08:28.973848+00:00,135.2,50,bid,FlawlessFlatbreads,DiligentDonuts,6396260
2026-07-04T01:08:30.137200,2026-07-04T01:08:30.144992+00:00,135.0,100,bid,DiligentDonuts,EarnestEspressos,6396279
2026-07-04T01:08:30.399475,2026-07-04T01:08:30.411295+00:00,135.0,46,bid,CostlyCorianders,EarnestEspressos,6396280
2026-07-04T01:08:31.070991,2026-07-04T01:08:31.079530+00:00,135.0,4,bid,FlawlessFlatbreads,EarnestEspressos,6396298
2026-07-04T01:08:31.070991,2026-07-04T01:08:31.079530+00:00,135.5,46,bid,FlawlessFlatbreads,DiligentDonuts,6396299
2026-07-04T01:08:33.177658,2026-07-04T01:08:33.189217+00:00,135.5,50,bid,FlawlessFlatbreads,DiligentDonuts,6396318
2026-07-04T01:08:33.431989,2026-07-04T01:08:33.443481+00:00,135.0,48,ask,EarnestEspressos,CostlyCorianders,6396320
2026-07-04T01:08:36.108200,2026-07-04T01:08:36.115551+00:00,135.3,47,bid,CostlyCorianders,EarnestEspressos,6396357
2026-07-04T01:08:37.796516,2026-07-04T01:08:37.806139+00:00,134.9,44,ask,DiligentDonuts,CostlyCorianders,6396382
2026-07-04T01:08:38.754866,2026-07-04T01:08:38.766275+00:00,135.3,46,bid,CostlyCorianders,EarnestEspressos,6396395
2026-07-04T01:08:39.603862,2026-07-04T01:08:39.615284+00:00,134.9,50,ask,EarnestEspressos,FlawlessFlatbreads,6396403
2026-07-04T01:08:40.694934,2026-07-04T01:08:40.706623+00:00,134.9,44,ask,EarnestEspressos,CostlyCorianders,6396417
2026-07-04T01:08:41.360988,2026-07-04T01:08:41.369401+00:00,134.9,44,ask,EarnestEspressos,CostlyCorianders,6396429
2026-07-04T01:08:41.659436,2026-07-04T01:08:41.671122+00:00,135.2,50,bid,FlawlessFlatbreads,DiligentDonuts,6396435
2026-07-04T01:08:41.946301,2026-07-04T01:08:41.986979+00:00,135.2,44,bid,CostlyCorianders,DiligentDonuts,6396442
2026-07-04T01:08:43.057223,2026-07-04T01:08:43.069975+00:00,135.1,46,ask,DiligentDonuts,CostlyCorianders,6396454
2026-07-04T01:08:43.819315,2026-07-04T01:08:43.831332+00:00,135.1,50,ask,DiligentDonuts,FlawlessFlatbreads,6396470
2026-07-04T01:08:45.875430,2026-07-04T01:08:45.888244+00:00,135.2,50,bid,FlawlessFlatbreads,EarnestEspressos,6396498
2026-07-04T01:08:46.048589,2026-07-04T01:08:46.055138+00:00,135.2,42,bid,CostlyCorianders,EarnestEspressos,6396509
2026-07-04T01:08:47.980915,2026-07-04T01:08:47.992327+00:00,135.2,50,bid,FlawlessFlatbreads,DiligentDonuts,6396540
2026-07-04T01:08:50.088565,2026-07-04T01:08:50.100378+00:00,135.3,50,bid,FlawlessFlatbreads,DiligentDonuts,6396568
2026-07-04T01:08:50.673357,2026-07-04T01:08:50.684946+00:00,135.0,45,ask,EarnestEspressos,CostlyCorianders,6396575
2026-07-04T01:08:51.282363,2026-07-04T01:08:51.293928+00:00,135.3,44,bid,CostlyCorianders,DiligentDonuts,6396584
2026-07-04T01:08:52.274472,2026-07-04T01:08:52.282687+00:00,135.4,100,bid,DiligentDonuts,EarnestEspressos,6396597
2026-07-04T01:08:52.316139,2026-07-04T01:08:52.327397+00:00,135.4,40,bid,CostlyCorianders,EarnestEspressos,6396599
2026-07-04T01:08:53.488467,2026-07-04T01:08:53.500055+00:00,134.9,45,ask,EarnestEspressos,CostlyCorianders,6396614
2026-07-04T01:08:54.025422,2026-07-04T01:08:54.036914+00:00,135.4,10,bid,CostlyCorianders,EarnestEspressos,6396620
2026-07-04T01:08:54.732414,2026-07-04T01:08:54.740504+00:00,135.4,3,ask,EarnestEspressos,Xuanyu Liu,6396628
2026-07-04T01:08:56.466548,2026-07-04T01:08:56.478233+00:00,135.4,50,ask,EarnestEspressos,FlawlessFlatbreads,6396651
2026-07-04T01:08:58.572484,2026-07-04T01:08:58.580691+00:00,135.3,50,ask,EarnestEspressos,FlawlessFlatbreads,6396684
2026-07-04T01:08:58.717737,2026-07-04T01:08:58.725734+00:00,135.3,48,ask,EarnestEspressos,CostlyCorianders,6396686
2026-07-04T01:08:59.550236,2026-07-04T01:08:59.558957+00:00,135.6,3,bid,Xuanyu Liu,DiligentDonuts,6396698
2026-07-04T01:08:59.754900,2026-07-04T01:08:59.766628+00:00,135.6,45,bid,CostlyCorianders,DiligentDonuts,6396701
2026-07-04T01:09:01.983749,2026-07-04T01:09:01.995243+00:00,135.4,46,ask,DiligentDonuts,CostlyCorianders,6396727
2026-07-04T01:09:03.182671,2026-07-04T01:09:03.194206+00:00,135.6,45,bid,CostlyCorianders,EarnestEspressos,6396747
2026-07-04T01:09:04.890671,2026-07-04T01:09:04.898008+00:00,135.3,50,ask,EarnestEspressos,FlawlessFlatbreads,6396774
2026-07-04T01:09:05.171798,2026-07-04T01:09:05.181351+00:00,135.8,46,bid,CostlyCorianders,EarnestEspressos,6396778
2026-07-04T01:09:06.278688,2026-07-04T01:09:06.290061+00:00,135.5,48,ask,DiligentDonuts,CostlyCorianders,6396801
2026-07-04T01:09:09.050461,2026-07-04T01:09:09.054023+00:00,135.8,50,bid,FlawlessFlatbreads,EarnestEspressos,6396837
2026-07-04T01:09:10.314791,2026-07-04T01:09:10.326661+00:00,135.8,40,bid,CostlyCorianders,DiligentDonuts,6396857
2026-07-04T01:09:11.158307,2026-07-04T01:09:11.170352+00:00,135.8,50,bid,FlawlessFlatbreads,DiligentDonuts,6396870
2026-07-04T01:09:11.830833,2026-07-04T01:09:11.839347+00:00,135.7,47,ask,DiligentDonuts,CostlyCorianders,6396880
2026-07-04T01:09:15.370071,2026-07-04T01:09:15.381806+00:00,136.0,50,bid,FlawlessFlatbreads,EarnestEspressos,6396921
2026-07-04T01:09:17.025882,2026-07-04T01:09:17.035455+00:00,135.7,49,ask,EarnestEspressos,CostlyCorianders,6396938
2026-07-04T01:09:17.526816,2026-07-04T01:09:17.536352+00:00,135.7,50,ask,EarnestEspressos,FlawlessFlatbreads,6396942
2026-07-04T01:09:18.707374,2026-07-04T01:09:18.719328+00:00,136.0,47,bid,CostlyCorianders,DiligentDonuts,6396958
2026-07-04T01:09:19.634373,2026-07-04T01:09:19.641076+00:00,135.5,50,ask,DiligentDonuts,FlawlessFlatbreads,6396973
2026-07-04T01:09:21.741088,2026-07-04T01:09:21.750046+00:00,135.4,50,ask,EarnestEspressos,FlawlessFlatbreads,6397009
2026-07-04T01:09:23.847300,2026-07-04T01:09:23.858641+00:00,135.4,50,ask,EarnestEspressos,FlawlessFlatbreads,6397038
2026-07-04T01:09:24.240759,2026-07-04T01:09:24.258562+00:00,135.4,42,ask,EarnestEspressos,CostlyCorianders,6397043
2026-07-04T01:09:24.749132,2026-07-04T01:09:24.758542+00:00,135.9,49,bid,CostlyCorianders,EarnestEspressos,6397052
2026-07-04T01:09:25.952190,2026-07-04T01:09:25.963764+00:00,135.4,50,ask,DiligentDonuts,FlawlessFlatbreads,6397063
2026-07-04T01:09:28.069476,2026-07-04T01:09:28.077166+00:00,135.3,50,ask,DiligentDonuts,FlawlessFlatbreads,6397093
2026-07-04T01:09:30.125321,2026-07-04T01:09:30.136839+00:00,135.6,50,bid,FlawlessFlatbreads,EarnestEspressos,6397111
2026-07-04T01:09:32.236844,2026-07-04T01:09:32.247599+00:00,135.7,50,bid,FlawlessFlatbreads,DiligentDonuts,6397137
2026-07-04T01:09:33.916695,2026-07-04T01:09:33.928334+00:00,135.2,45,ask,EarnestEspressos,CostlyCorianders,6397162
2026-07-04T01:09:34.342904,2026-07-04T01:09:34.363761+00:00,135.5,50,bid,FlawlessFlatbreads,DiligentDonuts,6397164
2026-07-04T01:09:34.502028,2026-07-04T01:09:34.510021+00:00,135.5,42,bid,CostlyCorianders,DiligentDonuts,6397169
2026-07-04T01:09:35.054081,2026-07-04T01:09:35.065791+00:00,135.5,8,bid,CostlyCorianders,DiligentDonuts,6397176
2026-07-04T01:09:35.054081,2026-07-04T01:09:35.065791+00:00,135.7,33,bid,CostlyCorianders,EarnestEspressos,6397177
2026-07-04T01:09:35.548639,2026-07-04T01:09:35.558603+00:00,135.6,47,bid,CostlyCorianders,EarnestEspressos,6397181
2026-07-04T01:09:36.024984,2026-07-04T01:09:36.036626+00:00,135.1,46,ask,EarnestEspressos,CostlyCorianders,6397193
2026-07-04T01:09:36.448932,2026-07-04T01:09:36.463902+00:00,135.6,50,bid,FlawlessFlatbreads,EarnestEspressos,6397194
2026-07-04T01:09:36.531968,2026-07-04T01:09:36.543864+00:00,135.6,53,bid,DiligentDonuts,EarnestEspressos,6397196
2026-07-04T01:09:38.607210,2026-07-04T01:09:38.618700+00:00,135.7,47,ask,DiligentDonuts,FlawlessFlatbreads,6397236
2026-07-04T01:09:38.607210,2026-07-04T01:09:38.618700+00:00,135.5,3,ask,EarnestEspressos,FlawlessFlatbreads,6397237
2026-07-04T01:09:38.936553,2026-07-04T01:09:38.948029+00:00,135.5,42,ask,EarnestEspressos,CostlyCorianders,6397242
2026-07-04T01:09:40.668010,2026-07-04T01:09:40.679400+00:00,135.6,50,bid,FlawlessFlatbreads,DiligentDonuts,6397259
2026-07-04T01:09:42.441600,2026-07-04T01:09:42.458552+00:00,135.3,46,ask,EarnestEspressos,CostlyCorianders,6397280
2026-07-04T01:09:42.774064,2026-07-04T01:09:42.785757+00:00,135.6,50,bid,FlawlessFlatbreads,DiligentDonuts,6397288
2026-07-04T01:09:44.908913,2026-07-04T01:09:44.917790+00:00,136.0,50,bid,FlawlessFlatbreads,DiligentDonuts,6397318
2026-07-04T01:09:45.162736,2026-07-04T01:09:45.174374+00:00,135.7,49,bid,CostlyCorianders,EarnestEspressos,6397327
2026-07-04T01:09:46.014764,2026-07-04T01:09:46.026281+00:00,135.7,100,bid,DiligentDonuts,EarnestEspressos,6397337
2026-07-04T01:09:47.014113,2026-07-04T01:09:47.025696+00:00,135.7,1,bid,FlawlessFlatbreads,EarnestEspressos,6397350
2026-07-04T01:09:47.014113,2026-07-04T01:09:47.025696+00:00,136.2,49,bid,FlawlessFlatbreads,DiligentDonuts,6397351
2026-07-04T01:09:48.709295,2026-07-04T01:09:48.720939+00:00,135.6,46,ask,EarnestEspressos,CostlyCorianders,6397375
2026-07-04T01:09:49.136622,2026-07-04T01:09:49.148039+00:00,136.1,50,bid,FlawlessFlatbreads,EarnestEspressos,6397382
2026-07-04T01:09:51.303196,2026-07-04T01:09:51.314357+00:00,136.0,45,bid,CostlyCorianders,DiligentDonuts,6397416
2026-07-04T01:09:51.303434,2026-07-04T01:09:51.314357+00:00,135.6,50,ask,EarnestEspressos,FlawlessFlatbreads,6397417
2026-07-04T01:09:52.205929,2026-07-04T01:09:52.217401+00:00,135.6,3,ask,EarnestEspressos,Xuanyu Liu,6397424
2026-07-04T01:09:53.347259,2026-07-04T01:09:53.355407+00:00,135.6,23,ask,EarnestEspressos,Xuanyu Liu,6397442
2026-07-04T01:09:53.418129,2026-07-04T01:09:53.428669+00:00,135.6,50,ask,EarnestEspressos,FlawlessFlatbreads,6397444
2026-07-04T01:09:53.838712,2026-07-04T01:09:53.850826+00:00,135.6,24,ask,EarnestEspressos,CostlyCorianders,6397449
2026-07-04T01:09:53.838712,2026-07-04T01:09:53.850826+00:00,135.5,16,ask,DiligentDonuts,CostlyCorianders,6397450
2026-07-04T01:09:54.462191,2026-07-04T01:09:54.482815+00:00,135.5,84,ask,DiligentDonuts,EarnestEspressos,6397462
2026-07-04T01:09:54.471814,2026-07-04T01:09:54.482815+00:00,135.3,23,bid,Xuanyu Liu,EarnestEspressos,6397464
2026-07-04T01:09:55.524107,2026-07-04T01:09:55.534523+00:00,134.9,50,ask,DiligentDonuts,FlawlessFlatbreads,6397481
2026-07-04T01:09:56.985368,2026-07-04T01:09:56.996899+00:00,135.3,40,bid,CostlyCorianders,EarnestEspressos,6397501
2026-07-04T01:09:57.568543,2026-07-04T01:09:57.580107+00:00,135.4,46,bid,CostlyCorianders,DiligentDonuts,6397507
2026-07-04T01:09:57.638769,2026-07-04T01:09:57.650050+00:00,135.3,49,ask,EarnestEspressos,CostlyCorianders,6397508
2026-07-04T01:09:57.638992,2026-07-04T01:09:57.650050+00:00,135.3,50,ask,EarnestEspressos,FlawlessFlatbreads,6397509
2026-07-04T01:09:58.590380,2026-07-04T01:09:58.597242+00:00,135.3,49,ask,EarnestEspressos,CostlyCorianders,6397526
2026-07-04T01:09:59.061624,2026-07-04T01:09:59.073315+00:00,135.5,40,bid,CostlyCorianders,DiligentDonuts,6397531
2026-07-04T01:09:59.746001,2026-07-04T01:09:59.757620+00:00,135.3,2,ask,EarnestEspressos,FlawlessFlatbreads,6397536
2026-07-04T01:09:59.746001,2026-07-04T01:09:59.757620+00:00,135.0,48,ask,DiligentDonuts,FlawlessFlatbreads,6397537
2026-07-04T01:10:00.156119,2026-07-04T01:10:00.167617+00:00,135.5,48,bid,CostlyCorianders,DiligentDonuts,6397543
2026-07-04T01:10:00.210410,2026-07-04T01:10:00.221917+00:00,135.0,46,ask,DiligentDonuts,CostlyCorianders,6397545
2026-07-04T01:10:01.317394,2026-07-04T01:10:01.325597+00:00,135.1,3,bid,Xuanyu Liu,EarnestEspressos,6397561
2026-07-04T01:10:03.227027,2026-07-04T01:10:03.243554+00:00,134.9,40,ask,DiligentDonuts,CostlyCorianders,6397590
2026-07-04T01:10:04.335453,2026-07-04T01:10:04.346267+00:00,135.2,45,bid,CostlyCorianders,EarnestEspressos,6397599
2026-07-04T01:10:05.931386,2026-07-04T01:10:05.943099+00:00,135.2,49,bid,CostlyCorianders,EarnestEspressos,6397618
2026-07-04T01:10:06.020910,2026-07-04T01:10:06.030056+00:00,135.2,50,bid,FlawlessFlatbreads,EarnestEspressos,6397619
2026-07-04T01:10:06.921113,2026-07-04T01:10:06.933173+00:00,134.7,43,ask,EarnestEspressos,CostlyCorianders,6397630
2026-07-04T01:10:09.145942,2026-07-04T01:10:09.155462+00:00,135.1,48,bid,CostlyCorianders,DiligentDonuts,6397661
2026-07-04T01:10:10.242817,2026-07-04T01:10:10.249125+00:00,135.1,50,bid,FlawlessFlatbreads,DiligentDonuts,6397673
2026-07-04T01:10:12.404439,2026-07-04T01:10:12.416279+00:00,134.9,50,ask,EarnestEspressos,FlawlessFlatbreads,6397698
2026-07-04T01:10:13.801297,2026-07-04T01:10:13.812765+00:00,134.8,40,ask,DiligentDonuts,CostlyCorianders,6397711
2026-07-04T01:10:17.361234,2026-07-04T01:10:17.372833+00:00,135.0,47,bid,CostlyCorianders,DiligentDonuts,6397762
2026-07-04T01:10:18.369263,2026-07-04T01:10:18.381133+00:00,134.7,46,ask,DiligentDonuts,CostlyCorianders,6397778
2026-07-04T01:10:18.667767,2026-07-04T01:10:18.674453+00:00,135.0,50,bid,FlawlessFlatbreads,EarnestEspressos,6397779
2026-07-04T01:10:19.458283,2026-07-04T01:10:19.469873+00:00,135.0,47,bid,CostlyCorianders,EarnestEspressos,6397791
2026-07-04T01:10:19.511400,2026-07-04T01:10:19.523096+00:00,134.7,41,ask,DiligentDonuts,CostlyCorianders,6397792
2026-07-04T01:10:20.826698,2026-07-04T01:10:20.838026+00:00,134.9,50,ask,EarnestEspressos,FlawlessFlatbreads,6397801
2026-07-04T01:10:20.885016,2026-07-04T01:10:20.894980+00:00,134.9,100,ask,EarnestEspressos,DiligentDonuts,6397804
2026-07-04T01:10:22.814578,2026-07-04T01:10:22.824972+00:00,134.4,42,ask,DiligentDonuts,CostlyCorianders,6397828
2026-07-04T01:10:22.932305,2026-07-04T01:10:22.943583+00:00,134.4,50,ask,DiligentDonuts,FlawlessFlatbreads,6397830
2026-07-04T01:10:25.038579,2026-07-04T01:10:25.050241+00:00,134.7,50,ask,DiligentDonuts,FlawlessFlatbreads,6397857
2026-07-04T01:10:27.146608,2026-07-04T01:10:27.158570+00:00,134.5,50,ask,EarnestEspressos,FlawlessFlatbreads,6397879
2026-07-04T01:10:28.240911,2026-07-04T01:10:28.250997+00:00,135.0,46,bid,CostlyCorianders,EarnestEspressos,6397895
2026-07-04T01:10:28.705424,2026-07-04T01:10:28.717025+00:00,134.5,40,ask,EarnestEspressos,CostlyCorianders,6397905
2026-07-04T01:10:29.253544,2026-07-04T01:10:29.264835+00:00,134.5,50,ask,DiligentDonuts,FlawlessFlatbreads,6397908
2026-07-04T01:10:29.314876,2026-07-04T01:10:29.326531+00:00,134.7,48,bid,CostlyCorianders,EarnestEspressos,6397909
2026-07-04T01:10:31.359701,2026-07-04T01:10:31.371762+00:00,134.2,50,ask,EarnestEspressos,FlawlessFlatbreads,6397933
2026-07-04T01:10:33.000171,2026-07-04T01:10:33.011582+00:00,134.7,42,bid,CostlyCorianders,DiligentDonuts,6397955
2026-07-04T01:10:33.466539,2026-07-04T01:10:33.478113+00:00,134.2,50,ask,EarnestEspressos,FlawlessFlatbreads,6397960
2026-07-04T01:10:35.053640,2026-07-04T01:10:35.065355+00:00,134.2,40,ask,EarnestEspressos,CostlyCorianders,6397973
2026-07-04T01:10:35.573549,2026-07-04T01:10:35.584967+00:00,134.1,50,ask,DiligentDonuts,FlawlessFlatbreads,6397980
2026-07-04T01:10:35.603274,2026-07-04T01:10:35.614775+00:00,134.1,44,ask,DiligentDonuts,CostlyCorianders,6397981
2026-07-04T01:10:35.607255,2026-07-04T01:10:35.614775+00:00,134.1,6,ask,DiligentDonuts,EarnestEspressos,6397982
2026-07-04T01:10:35.616017,2026-07-04T01:10:35.623809+00:00,134.1,14,bid,Xuanyu Liu,EarnestEspressos,6397983
2026-07-04T01:10:36.807657,2026-07-04T01:10:36.819320+00:00,134.1,43,bid,CostlyCorianders,EarnestEspressos,6398005
2026-07-04T01:10:37.678612,2026-07-04T01:10:37.689987+00:00,133.8,50,ask,DiligentDonuts,FlawlessFlatbreads,6398019
2026-07-04T01:10:39.783700,2026-07-04T01:10:39.792779+00:00,133.8,50,ask,EarnestEspressos,FlawlessFlatbreads,6398037
2026-07-04T01:10:40.021865,2026-07-04T01:10:40.032586+00:00,134.0,42,bid,CostlyCorianders,DiligentDonuts,6398042
2026-07-04T01:10:41.067875,2026-07-04T01:10:41.079623+00:00,133.8,41,ask,EarnestEspressos,CostlyCorianders,6398053
2026-07-04T01:10:41.890661,2026-07-04T01:10:41.902186+00:00,133.5,50,ask,DiligentDonuts,FlawlessFlatbreads,6398066
2026-07-04T01:10:41.950501,2026-07-04T01:10:41.958687+00:00,133.8,23,bid,Xuanyu Liu,EarnestEspressos,6398071
2026-07-04T01:10:43.944768,2026-07-04T01:10:43.958576+00:00,133.8,50,bid,FlawlessFlatbreads,EarnestEspressos,6398102
2026-07-04T01:10:44.130306,2026-07-04T01:10:44.138861+00:00,133.8,40,bid,CostlyCorianders,EarnestEspressos,6398103
2026-07-04T01:10:45.251246,2026-07-04T01:10:45.257715+00:00,133.7,43,ask,EarnestEspressos,CostlyCorianders,6398120
2026-07-04T01:10:45.862038,2026-07-04T01:10:45.873480+00:00,134.0,44,bid,CostlyCorianders,DiligentDonuts,6398134
2026-07-04T01:10:47.833781,2026-07-04T01:10:47.841586+00:00,133.7,42,ask,EarnestEspressos,CostlyCorianders,6398165
2026-07-04T01:10:48.179561,2026-07-04T01:10:48.191066+00:00,134.0,50,bid,FlawlessFlatbreads,DiligentDonuts,6398169
2026-07-04T01:10:50.290560,2026-07-04T01:10:50.301758+00:00,133.7,50,bid,FlawlessFlatbreads,EarnestEspressos,6398189
2026-07-04T01:10:50.625786,2026-07-04T01:10:50.637604+00:00,133.7,40,bid,CostlyCorianders,EarnestEspressos,6398190
2026-07-04T01:10:51.126168,2026-07-04T01:10:51.137899+00:00,133.6,41,ask,DiligentDonuts,CostlyCorianders,6398196
2026-07-04T01:10:52.399639,2026-07-04T01:10:52.408894+00:00,134.1,50,bid,FlawlessFlatbreads,DiligentDonuts,6398212
2026-07-04T01:10:54.556374,2026-07-04T01:10:54.554022+00:00,133.6,50,ask,DiligentDonuts,FlawlessFlatbreads,6398235
2026-07-04T01:10:56.663416,2026-07-04T01:10:56.674938+00:00,133.6,50,ask,EarnestEspressos,FlawlessFlatbreads,6398250
2026-07-04T01:10:58.989347,2026-07-04T01:10:59.000873+00:00,133.9,40,bid,CostlyCorianders,EarnestEspressos,6398277
2026-07-04T01:11:00.024388,2026-07-04T01:11:00.031381+00:00,133.4,45,ask,EarnestEspressos,CostlyCorianders,6398289
2026-07-04T01:11:00.897668,2026-07-04T01:11:00.906928+00:00,133.4,50,ask,DiligentDonuts,FlawlessFlatbreads,6398301
2026-07-04T01:11:01.140405,2026-07-04T01:11:01.158583+00:00,133.7,48,bid,CostlyCorianders,EarnestEspressos,6398303
2026-07-04T01:11:02.312253,2026-07-04T01:11:02.323760+00:00,133.6,41,bid,CostlyCorianders,DiligentDonuts,6398309
2026-07-04T01:11:03.004310,2026-07-04T01:11:03.015757+00:00,133.2,50,ask,EarnestEspressos,FlawlessFlatbreads,6398316
2026-07-04T01:11:03.428180,2026-07-04T01:11:03.439680+00:00,133.2,41,ask,EarnestEspressos,CostlyCorianders,6398320
2026-07-04T01:11:05.111663,2026-07-04T01:11:05.118711+00:00,133.0,50,ask,EarnestEspressos,FlawlessFlatbreads,6398344
2026-07-04T01:11:07.165777,2026-07-04T01:11:07.177311+00:00,133.6,50,bid,FlawlessFlatbreads,DiligentDonuts,6398373
2026-07-04T01:11:07.272611,2026-07-04T01:11:07.281997+00:00,133.3,12,bid,Xuanyu Liu,EarnestEspressos,6398375
2026-07-04T01:11:07.921987,2026-07-04T01:11:07.930523+00:00,133.3,11,bid,Xuanyu Liu,EarnestEspressos,6398390
2026-07-04T01:11:08.107822,2026-07-04T01:11:08.114646+00:00,133.3,11,bid,Xuanyu Liu,EarnestEspressos,6398394
2026-07-04T01:11:08.279300,2026-07-04T01:11:08.288802+00:00,133.3,100,bid,DiligentDonuts,EarnestEspressos,6398396
2026-07-04T01:11:08.426329,2026-07-04T01:11:08.435313+00:00,133.3,16,bid,CostlyCorianders,EarnestEspressos,6398399
2026-07-04T01:11:09.273873,2026-07-04T01:11:09.285485+00:00,134.0,50,bid,FlawlessFlatbreads,DiligentDonuts,6398420
2026-07-04T01:11:10.381695,2026-07-04T01:11:10.389252+00:00,133.4,11,ask,EarnestEspressos,Xuanyu Liu,6398435
2026-07-04T01:11:11.381737,2026-07-04T01:11:11.393147+00:00,133.9,50,bid,FlawlessFlatbreads,EarnestEspressos,6398448
2026-07-04T01:11:12.499995,2026-07-04T01:11:12.511727+00:00,133.4,45,ask,EarnestEspressos,CostlyCorianders,6398468
2026-07-04T01:11:12.717782,2026-07-04T01:11:12.727998+00:00,133.4,11,ask,EarnestEspressos,Xuanyu Liu,6398475
2026-07-04T01:11:13.351757,2026-07-04T01:11:13.363706+00:00,133.4,12,ask,EarnestEspressos,Xuanyu Liu,6398483
2026-07-04T01:11:13.490312,2026-07-04T01:11:13.502103+00:00,133.7,50,bid,FlawlessFlatbreads,DiligentDonuts,6398485
2026-07-04T01:11:13.611979,2026-07-04T01:11:13.623827+00:00,133.2,41,ask,DiligentDonuts,CostlyCorianders,6398486
2026-07-04T01:11:15.597678,2026-07-04T01:11:15.609596+00:00,133.6,50,bid,FlawlessFlatbreads,EarnestEspressos,6398515
2026-07-04T01:11:17.436322,2026-07-04T01:11:17.446596+00:00,133.6,46,bid,CostlyCorianders,DiligentDonuts,6398543
2026-07-04T01:11:17.705900,2026-07-04T01:11:17.717488+00:00,133.6,50,bid,FlawlessFlatbreads,DiligentDonuts,6398550
2026-07-04T01:11:18.173442,2026-07-04T01:11:18.183791+00:00,133.6,23,ask,DiligentDonuts,Xuanyu Liu,6398556
2026-07-04T01:11:18.447251,2026-07-04T01:11:18.449978+00:00,133.6,49,ask,DiligentDonuts,CostlyCorianders,6398564
2026-07-04T01:11:19.088005,2026-07-04T01:11:19.096992+00:00,134.0,41,bid,CostlyCorianders,EarnestEspressos,6398569
2026-07-04T01:11:19.624923,2026-07-04T01:11:19.631688+00:00,133.6,28,ask,DiligentDonuts,CostlyCorianders,6398582
2026-07-04T01:11:19.624923,2026-07-04T01:11:19.631688+00:00,133.5,18,ask,EarnestEspressos,CostlyCorianders,6398583
2026-07-04T01:11:21.972900,2026-07-04T01:11:21.986983+00:00,133.4,50,ask,EarnestEspressos,FlawlessFlatbreads,6398619
2026-07-04T01:11:26.130759,2026-07-04T01:11:26.138681+00:00,133.6,50,bid,FlawlessFlatbreads,DiligentDonuts,6398675
2026-07-04T01:11:26.446991,2026-07-04T01:11:26.463664+00:00,133.6,40,bid,CostlyCorianders,DiligentDonuts,6398681
2026-07-04T01:11:27.705974,2026-07-04T01:11:27.717706+00:00,133.7,43,bid,CostlyCorianders,EarnestEspressos,6398698
2026-07-04T01:11:28.246242,2026-07-04T01:11:28.252613+00:00,133.7,50,bid,FlawlessFlatbreads,EarnestEspressos,6398708
2026-07-04T01:11:30.353099,2026-07-04T01:11:30.364923+00:00,133.9,50,bid,FlawlessFlatbreads,DiligentDonuts,6398732
2026-07-04T01:11:30.880778,2026-07-04T01:11:30.888831+00:00,133.6,11,ask,EarnestEspressos,Xuanyu Liu,6398738
2026-07-04T01:11:31.714569,2026-07-04T01:11:31.723577+00:00,133.6,3,ask,EarnestEspressos,Xuanyu Liu,6398751
2026-07-04T01:11:33.847551,2026-07-04T01:11:33.859179+00:00,133.3,43,ask,EarnestEspressos,CostlyCorianders,6398784
2026-07-04T01:11:34.620152,2026-07-04T01:11:34.627000+00:00,133.3,50,ask,EarnestEspressos,FlawlessFlatbreads,6398798
2026-07-04T01:11:36.551085,2026-07-04T01:11:36.557454+00:00,133.4,45,bid,CostlyCorianders,EarnestEspressos,6398826
2026-07-04T01:11:36.674953,2026-07-04T01:11:36.686611+00:00,133.4,50,bid,FlawlessFlatbreads,EarnestEspressos,6398827
2026-07-04T01:11:38.143927,2026-07-04T01:11:38.155084+00:00,133.3,47,ask,DiligentDonuts,CostlyCorianders,6398849
2026-07-04T01:11:38.782825,2026-07-04T01:11:38.793194+00:00,133.4,50,bid,FlawlessFlatbreads,EarnestEspressos,6398854
2026-07-04T01:11:39.986222,2026-07-04T01:11:39.995135+00:00,133.4,100,ask,EarnestEspressos,DiligentDonuts,6398868
2026-07-04T01:11:40.887362,2026-07-04T01:11:40.898938+00:00,133.9,50,bid,FlawlessFlatbreads,EarnestEspressos,6398884
2026-07-04T01:11:41.392897,2026-07-04T01:11:41.404798+00:00,133.4,47,ask,EarnestEspressos,CostlyCorianders,6398888
2026-07-04T01:11:43.044285,2026-07-04T01:11:43.052733+00:00,132.9,50,ask,EarnestEspressos,FlawlessFlatbreads,6398907
2026-07-04T01:11:43.539009,2026-07-04T01:11:43.550646+00:00,133.4,46,bid,CostlyCorianders,EarnestEspressos,6398909
2026-07-04T01:11:44.699177,2026-07-04T01:11:44.710724+00:00,133.4,49,bid,CostlyCorianders,EarnestEspressos,6398921
2026-07-04T01:11:45.099178,2026-07-04T01:11:45.110665+00:00,133.4,50,bid,FlawlessFlatbreads,EarnestEspressos,6398927
2026-07-04T01:11:45.722620,2026-07-04T01:11:45.734076+00:00,133.3,41,ask,DiligentDonuts,CostlyCorianders,6398936
2026-07-04T01:11:47.218898,2026-07-04T01:11:47.229508+00:00,133.6,50,bid,FlawlessFlatbreads,DiligentDonuts,6398954
2026-07-04T01:11:48.510437,2026-07-04T01:11:48.521895+00:00,133.4,42,ask,EarnestEspressos,CostlyCorianders,6398966
2026-07-04T01:11:49.326880,2026-07-04T01:11:49.338893+00:00,133.6,50,bid,FlawlessFlatbreads,DiligentDonuts,6398972
2026-07-04T01:11:49.700109,2026-07-04T01:11:49.711405+00:00,133.6,49,ask,DiligentDonuts,CostlyCorianders,6398981
2026-07-04T01:11:51.428854,2026-07-04T01:11:51.440821+00:00,133.9,43,bid,CostlyCorianders,EarnestEspressos,6399009
2026-07-04T01:11:53.568375,2026-07-04T01:11:53.580212+00:00,134.0,50,bid,FlawlessFlatbreads,DiligentDonuts,6399041
2026-07-04T01:11:55.530014,2026-07-04T01:11:55.541642+00:00,134.0,44,bid,CostlyCorianders,DiligentDonuts,6399070
2026-07-04T01:11:57.786605,2026-07-04T01:11:57.795426+00:00,134.1,50,bid,FlawlessFlatbreads,EarnestEspressos,6399105
2026-07-04T01:11:57.896209,2026-07-04T01:11:57.902897+00:00,133.8,100,ask,DiligentDonuts,EarnestEspressos,6399108
2026-07-04T01:11:58.110397,2026-07-04T01:11:58.122935+00:00,133.2,41,ask,EarnestEspressos,CostlyCorianders,6399111
2026-07-04T01:11:58.590134,2026-07-04T01:11:58.598785+00:00,133.7,49,bid,CostlyCorianders,EarnestEspressos,6399118
2026-07-04T01:11:59.164511,2026-07-04T01:11:59.172361+00:00,133.4,43,ask,DiligentDonuts,CostlyCorianders,6399128
2026-07-04T01:11:59.943788,2026-07-04T01:11:59.947478+00:00,133.4,50,ask,DiligentDonuts,FlawlessFlatbreads,6399136
2026-07-04T01:12:01.005635,2026-07-04T01:12:01.017036+00:00,133.8,100,bid,EarnestEspressos,DiligentDonuts,6399145
2026-07-04T01:12:01.074326,2026-07-04T01:12:01.084312+00:00,134.2,37,ask,EarnestEspressos,Xuanyu Liu,6399146
2026-07-04T01:12:01.481986,2026-07-04T01:12:01.493966+00:00,134.2,13,ask,EarnestEspressos,CostlyCorianders,6399157
2026-07-04T01:12:01.481986,2026-07-04T01:12:01.493966+00:00,133.4,7,ask,DiligentDonuts,CostlyCorianders,6399158
2026-07-04T01:12:02.121778,2026-07-04T01:12:02.129751+00:00,133.9,11,bid,Xuanyu Liu,DiligentDonuts,6399165
2026-07-04T01:12:04.162829,2026-07-04T01:12:04.174037+00:00,133.5,50,ask,DiligentDonuts,FlawlessFlatbreads,6399184
2026-07-04T01:12:05.279100,2026-07-04T01:12:05.287338+00:00,133.8,12,bid,Xuanyu Liu,DiligentDonuts,6399198
2026-07-04T01:12:06.217470,2026-07-04T01:12:06.229073+00:00,133.8,50,bid,FlawlessFlatbreads,DiligentDonuts,6399208
2026-07-04T01:12:07.883828,2026-07-04T01:12:07.895435+00:00,133.8,38,bid,CostlyCorianders,DiligentDonuts,6399237
2026-07-04T01:12:07.883828,2026-07-04T01:12:07.895435+00:00,134.0,4,bid,CostlyCorianders,EarnestEspressos,6399238
2026-07-04T01:12:08.325484,2026-07-04T01:12:08.336059+00:00,134.0,50,bid,FlawlessFlatbreads,EarnestEspressos,6399248
2026-07-04T01:12:08.502397,2026-07-04T01:12:08.513734+00:00,133.5,41,ask,EarnestEspressos,CostlyCorianders,6399253
2026-07-04T01:12:10.436323,2026-07-04T01:12:10.443912+00:00,133.9,50,bid,FlawlessFlatbreads,DiligentDonuts,6399287
2026-07-04T01:12:11.245783,2026-07-04T01:12:11.252084+00:00,133.8,48,bid,CostlyCorianders,EarnestEspressos,6399301
2026-07-04T01:12:12.543361,2026-07-04T01:12:12.554992+00:00,133.8,50,bid,FlawlessFlatbreads,EarnestEspressos,6399318
2026-07-04T01:12:12.841740,2026-07-04T01:12:12.853177+00:00,133.5,42,ask,DiligentDonuts,CostlyCorianders,6399323
2026-07-04T01:12:14.654979,2026-07-04T01:12:14.656726+00:00,134.2,50,bid,FlawlessFlatbreads,EarnestEspressos,6399346
2026-07-04T01:12:16.762905,2026-07-04T01:12:16.770699+00:00,133.9,50,bid,EarnestEspressos,DiligentDonuts,6399371
2026-07-04T01:12:16.817255,2026-07-04T01:12:16.828960+00:00,133.9,50,bid,FlawlessFlatbreads,DiligentDonuts,6399372
2026-07-04T01:12:16.885813,2026-07-04T01:12:16.893456+00:00,133.9,23,ask,EarnestEspressos,Xuanyu Liu,6399373
2026-07-04T01:12:19.896660,2026-07-04T01:12:19.904503+00:00,133.9,12,ask,EarnestEspressos,Xuanyu Liu,6399418
2026-07-04T01:12:20.975668,2026-07-04T01:12:20.986443+00:00,133.9,50,bid,FlawlessFlatbreads,EarnestEspressos,6399438
2026-07-04T01:12:23.081051,2026-07-04T01:12:23.092820+00:00,133.9,50,bid,FlawlessFlatbreads,EarnestEspressos,6399466
2026-07-04T01:12:24.175308,2026-07-04T01:12:24.184484+00:00,133.9,11,ask,EarnestEspressos,Xuanyu Liu,6399478
2026-07-04T01:12:25.244324,2026-07-04T01:12:25.252269+00:00,133.9,50,ask,EarnestEspressos,FlawlessFlatbreads,6399495
2026-07-04T01:12:26.836953,2026-07-04T01:12:26.848468+00:00,133.6,48,ask,DiligentDonuts,CostlyCorianders,6399524
2026-07-04T01:12:27.352597,2026-07-04T01:12:27.356310+00:00,133.6,50,ask,EarnestEspressos,FlawlessFlatbreads,6399536
2026-07-04T01:12:27.356516,2026-07-04T01:12:27.369420+00:00,134.1,43,bid,CostlyCorianders,EarnestEspressos,6399537
2026-07-04T01:12:27.931461,2026-07-04T01:12:27.943192+00:00,133.8,46,bid,CostlyCorianders,DiligentDonuts,6399547
2026-07-04T01:12:29.022215,2026-07-04T01:12:29.033936+00:00,133.6,46,ask,EarnestEspressos,CostlyCorianders,6399560
2026-07-04T01:12:29.458616,2026-07-04T01:12:29.470400+00:00,133.3,50,ask,DiligentDonuts,FlawlessFlatbreads,6399564
2026-07-04T01:12:31.566699,2026-07-04T01:12:31.578264+00:00,133.2,50,ask,EarnestEspressos,FlawlessFlatbreads,6399592
2026-07-04T01:12:31.608148,2026-07-04T01:12:31.616417+00:00,133.7,40,bid,CostlyCorianders,EarnestEspressos,6399593
2026-07-04T01:12:33.336872,2026-07-04T01:12:33.344670+00:00,133.7,11,bid,Xuanyu Liu,DiligentDonuts,6399608
2026-07-04T01:12:33.674328,2026-07-04T01:12:33.685987+00:00,133.3,50,ask,EarnestEspressos,FlawlessFlatbreads,6399612
2026-07-04T01:12:34.839344,2026-07-04T01:12:34.858589+00:00,133.4,47,ask,DiligentDonuts,CostlyCorianders,6399624
2026-07-04T01:12:35.781245,2026-07-04T01:12:35.789539+00:00,133.4,50,ask,DiligentDonuts,FlawlessFlatbreads,6399638
2026-07-04T01:12:36.922801,2026-07-04T01:12:36.932303+00:00,133.5,12,bid,Xuanyu Liu,DiligentDonuts,6399661
2026-07-04T01:12:37.482376,2026-07-04T01:12:37.490575+00:00,133.5,23,bid,Xuanyu Liu,DiligentDonuts,6399669
2026-07-04T01:12:37.887226,2026-07-04T01:12:37.898653+00:00,133.1,50,ask,EarnestEspressos,FlawlessFlatbreads,6399675
2026-07-04T01:12:39.927998,2026-07-04T01:12:39.936518+00:00,133.4,11,bid,Xuanyu Liu,EarnestEspressos,6399699
2026-07-04T01:12:40.002491,2026-07-04T01:12:40.013756+00:00,132.9,50,ask,EarnestEspressos,FlawlessFlatbreads,6399701
2026-07-04T01:12:40.433061,2026-07-04T01:12:40.441936+00:00,133.3,48,ask,DiligentDonuts,CostlyCorianders,6399705
2026-07-04T01:12:40.475831,2026-07-04T01:12:40.487460+00:00,133.3,11,ask,DiligentDonuts,Xuanyu Liu,6399708
2026-07-04T01:12:40.916244,2026-07-04T01:12:40.927609+00:00,133.3,41,ask,DiligentDonuts,CostlyCorianders,6399719
2026-07-04T01:12:42.197666,2026-07-04T01:12:42.204702+00:00,133.0,14,bid,Xuanyu Liu,EarnestEspressos,6399739
2026-07-04T01:12:44.212367,2026-07-04T01:12:44.221053+00:00,132.8,50,ask,DiligentDonuts,FlawlessFlatbreads,6399765
2026-07-04T01:12:46.268783,2026-07-04T01:12:46.282127+00:00,133.1,50,bid,FlawlessFlatbreads,EarnestEspressos,6399791
2026-07-04T01:12:48.426646,2026-07-04T01:12:48.437984+00:00,132.6,50,ask,DiligentDonuts,FlawlessFlatbreads,6399820
2026-07-04T01:12:49.553103,2026-07-04T01:12:49.554430+00:00,132.8,100,ask,EarnestEspressos,DiligentDonuts,6399825
2026-07-04T01:12:50.763363,2026-07-04T01:12:50.774686+00:00,133.3,46,bid,CostlyCorianders,EarnestEspressos,6399844
2026-07-04T01:12:54.701915,2026-07-04T01:12:54.710591+00:00,132.9,50,bid,FlawlessFlatbreads,DiligentDonuts,6399895
2026-07-04T01:12:54.891361,2026-07-04T01:12:54.901088+00:00,132.9,46,bid,CostlyCorianders,DiligentDonuts,6399896
2026-07-04T01:12:55.845350,2026-07-04T01:12:55.854863+00:00,133.0,43,ask,DiligentDonuts,CostlyCorianders,6399909
2026-07-04T01:12:56.808826,2026-07-04T01:12:56.815440+00:00,133.1,50,bid,FlawlessFlatbreads,EarnestEspressos,6399923
2026-07-04T01:12:58.384617,2026-07-04T01:12:58.392516+00:00,133.3,43,bid,CostlyCorianders,EarnestEspressos,6399945
2026-07-04T01:12:58.921228,2026-07-04T01:12:58.932941+00:00,133.3,50,bid,FlawlessFlatbreads,EarnestEspressos,6399954
2026-07-04T01:13:01.053976,2026-07-04T01:13:01.059110+00:00,133.3,50,bid,FlawlessFlatbreads,EarnestEspressos,6399981
2026-07-04T01:13:01.114623,2026-07-04T01:13:01.126160+00:00,133.4,100,bid,EarnestEspressos,DiligentDonuts,6399983
2026-07-04T01:13:01.181674,2026-07-04T01:13:01.190501+00:00,133.4,14,ask,EarnestEspressos,Xuanyu Liu,6399984
2026-07-04T01:13:01.946907,2026-07-04T01:13:01.958607+00:00,133.4,36,ask,EarnestEspressos,CostlyCorianders,6400000
2026-07-04T01:13:05.314463,2026-07-04T01:13:05.324870+00:00,133.1,50,ask,DiligentDonuts,FlawlessFlatbreads,6400039
2026-07-04T01:13:07.419757,2026-07-04T01:13:07.431404+00:00,133.1,50,ask,DiligentDonuts,FlawlessFlatbreads,6400068
2026-07-04T01:13:07.435656,2026-07-04T01:13:07.445060+00:00,133.6,40,bid,CostlyCorianders,DiligentDonuts,6400069
2026-07-04T01:13:08.471772,2026-07-04T01:13:08.479623+00:00,133.4,48,bid,CostlyCorianders,EarnestEspressos,6400083
2026-07-04T01:13:10.080716,2026-07-04T01:13:10.088831+00:00,133.4,11,bid,Xuanyu Liu,EarnestEspressos,6400104
2026-07-04T01:13:10.757352,2026-07-04T01:13:10.765955+00:00,133.1,45,ask,DiligentDonuts,CostlyCorianders,6400120
2026-07-04T01:13:11.634780,2026-07-04T01:13:11.646357+00:00,133.1,50,ask,EarnestEspressos,FlawlessFlatbreads,6400133
2026-07-04T01:13:12.700180,2026-07-04T01:13:12.707742+00:00,133.1,11,ask,EarnestEspressos,Xuanyu Liu,6400146
2026-07-04T01:13:14.181245,2026-07-04T01:13:14.192652+00:00,132.9,45,ask,DiligentDonuts,CostlyCorianders,6400162
2026-07-04T01:13:15.815852,2026-07-04T01:13:15.825038+00:00,133.0,50,bid,FlawlessFlatbreads,EarnestEspressos,6400186
2026-07-04T01:13:17.930557,2026-07-04T01:13:17.939822+00:00,133.1,50,bid,FlawlessFlatbreads,EarnestEspressos,6400213
2026-07-04T01:13:18.031034,2026-07-04T01:13:18.046708+00:00,132.8,11,bid,Xuanyu Liu,DiligentDonuts,6400215
2026-07-04T01:13:20.084900,2026-07-04T01:13:20.096555+00:00,132.8,89,bid,EarnestEspressos,DiligentDonuts,6400237
2026-07-04T01:13:20.088919,2026-07-04T01:13:20.096555+00:00,132.8,50,ask,EarnestEspressos,FlawlessFlatbreads,6400238
2026-07-04T01:13:21.812206,2026-07-04T01:13:21.822570+00:00,133.3,41,bid,CostlyCorianders,EarnestEspressos,6400263
2026-07-04T01:13:22.195421,2026-07-04T01:13:22.205220+00:00,132.8,11,ask,EarnestEspressos,FlawlessFlatbreads,6400267
2026-07-04T01:13:22.195421,2026-07-04T01:13:22.205220+00:00,132.8,39,ask,DiligentDonuts,FlawlessFlatbreads,6400268
2026-07-04T01:13:24.886523,2026-07-04T01:13:24.896038+00:00,132.7,44,ask,DiligentDonuts,CostlyCorianders,6400315
2026-07-04T01:13:28.701812,2026-07-04T01:13:28.713687+00:00,132.8,48,bid,CostlyCorianders,EarnestEspressos,6400365
2026-07-04T01:13:29.709704,2026-07-04T01:13:29.722134+00:00,132.8,3,bid,Xuanyu Liu,DiligentDonuts,6400383
2026-07-04T01:13:29.709848,2026-07-04T01:13:29.722134+00:00,132.8,45,bid,CostlyCorianders,DiligentDonuts,6400384
2026-07-04T01:13:30.248851,2026-07-04T01:13:30.260233+00:00,132.7,44,ask,EarnestEspressos,CostlyCorianders,6400398
2026-07-04T01:13:30.827903,2026-07-04T01:13:30.834192+00:00,133.2,42,bid,CostlyCorianders,EarnestEspressos,6400403
2026-07-04T01:13:31.409143,2026-07-04T01:13:31.420736+00:00,132.8,43,ask,DiligentDonuts,CostlyCorianders,6400409
2026-07-04T01:13:32.718179,2026-07-04T01:13:32.729763+00:00,132.8,50,ask,DiligentDonuts,FlawlessFlatbreads,6400432
2026-07-04T01:13:32.919720,2026-07-04T01:13:32.931749+00:00,133.3,46,bid,CostlyCorianders,DiligentDonuts,6400433
2026-07-04T01:13:32.975555,2026-07-04T01:13:32.986998+00:00,133.0,43,ask,EarnestEspressos,CostlyCorianders,6400436
2026-07-04T01:13:34.377052,2026-07-04T01:13:34.389971+00:00,133.0,41,ask,EarnestEspressos,CostlyCorianders,6400455
2026-07-04T01:13:34.824175,2026-07-04T01:13:34.835718+00:00,133.0,50,ask,EarnestEspressos,FlawlessFlatbreads,6400463
2026-07-04T01:13:36.931181,2026-07-04T01:13:36.939054+00:00,132.3,50,ask,EarnestEspressos,FlawlessFlatbreads,6400492
2026-07-04T01:13:36.961002,2026-07-04T01:13:36.972340+00:00,132.8,100,bid,DiligentDonuts,EarnestEspressos,6400493
2026-07-04T01:13:37.205184,2026-07-04T01:13:37.216640+00:00,132.8,40,bid,CostlyCorianders,EarnestEspressos,6400495
2026-07-04T01:13:38.290219,2026-07-04T01:13:38.301667+00:00,132.8,10,bid,CostlyCorianders,EarnestEspressos,6400513
2026-07-04T01:13:38.290219,2026-07-04T01:13:38.301667+00:00,133.3,30,bid,CostlyCorianders,DiligentDonuts,6400514
2026-07-04T01:13:39.038658,2026-07-04T01:13:39.050070+00:00,132.3,50,ask,EarnestEspressos,FlawlessFlatbreads,6400528
2026-07-04T01:13:39.800625,2026-07-04T01:13:39.808277+00:00,132.5,49,ask,EarnestEspressos,CostlyCorianders,6400536
2026-07-04T01:13:42.840582,2026-07-04T01:13:42.848773+00:00,132.8,3,bid,Xuanyu Liu,EarnestEspressos,6400579
2026-07-04T01:13:43.198946,2026-07-04T01:13:43.210731+00:00,132.8,50,bid,FlawlessFlatbreads,EarnestEspressos,6400584
2026-07-04T01:13:44.877647,2026-07-04T01:13:44.884608+00:00,132.8,41,bid,CostlyCorianders,EarnestEspressos,6400614
2026-07-04T01:13:45.311718,2026-07-04T01:13:45.323120+00:00,132.8,50,bid,FlawlessFlatbreads,EarnestEspressos,6400623
2026-07-04T01:13:47.443193,2026-07-04T01:13:47.449598+00:00,133.0,48,ask,EarnestEspressos,CostlyCorianders,6400651
2026-07-04T01:13:49.021331,2026-07-04T01:13:49.032753+00:00,133.4,44,bid,CostlyCorianders,DiligentDonuts,6400680
2026-07-04T01:13:49.500280,2026-07-04T01:13:49.507625+00:00,133.0,41,ask,EarnestEspressos,CostlyCorianders,6400685
2026-07-04T01:13:49.571867,2026-07-04T01:13:49.583488+00:00,133.0,50,ask,EarnestEspressos,FlawlessFlatbreads,6400689
2026-07-04T01:13:50.645923,2026-07-04T01:13:50.657199+00:00,133.4,44,bid,CostlyCorianders,DiligentDonuts,6400702
2026-07-04T01:13:51.399408,2026-07-04T01:13:51.407394+00:00,133.0,3,ask,EarnestEspressos,Xuanyu Liu,6400718
2026-07-04T01:13:51.677736,2026-07-04T01:13:51.686792+00:00,133.0,50,ask,EarnestEspressos,FlawlessFlatbreads,6400723
2026-07-04T01:13:51.837329,2026-07-04T01:13:51.854622+00:00,132.9,100,ask,DiligentDonuts,EarnestEspressos,6400726
2026-07-04T01:13:51.846697,2026-07-04T01:13:51.854622+00:00,132.8,3,bid,Xuanyu Liu,EarnestEspressos,6400727
2026-07-04T01:13:51.986339,2026-07-04T01:13:51.994721+00:00,132.8,34,bid,Xuanyu Liu,EarnestEspressos,6400731
2026-07-04T01:13:52.084496,2026-07-04T01:13:52.096203+00:00,132.8,13,bid,CostlyCorianders,EarnestEspressos,6400735
2026-07-04T01:13:52.084496,2026-07-04T01:13:52.096203+00:00,133.4,33,bid,CostlyCorianders,DiligentDonuts,6400736
2026-07-04T01:13:52.830457,2026-07-04T01:13:52.838270+00:00,133.1,11,ask,DiligentDonuts,Xuanyu Liu,6400747
2026-07-04T01:13:53.792438,2026-07-04T01:13:53.804204+00:00,133.1,50,ask,DiligentDonuts,FlawlessFlatbreads,6400761
2026-07-04T01:13:54.605523,2026-07-04T01:13:54.613491+00:00,133.1,23,ask,DiligentDonuts,Xuanyu Liu,6400775
2026-07-04T01:13:55.025929,2026-07-04T01:13:55.034455+00:00,133.1,3,ask,DiligentDonuts,Xuanyu Liu,6400785
2026-07-04T01:13:55.780973,2026-07-04T01:13:55.792811+00:00,133.1,13,ask,DiligentDonuts,CostlyCorianders,6400793
2026-07-04T01:13:55.780973,2026-07-04T01:13:55.792811+00:00,133.0,27,ask,EarnestEspressos,CostlyCorianders,6400794
2026-07-04T01:13:55.901406,2026-07-04T01:13:55.912035+00:00,133.0,50,ask,EarnestEspressos,FlawlessFlatbreads,6400798
2026-07-04T01:13:55.979805,2026-07-04T01:13:55.986611+00:00,133.0,73,ask,EarnestEspressos,DiligentDonuts,6400801
2026-07-04T01:13:58.020119,2026-07-04T01:13:58.026802+00:00,132.5,50,ask,DiligentDonuts,FlawlessFlatbreads,6400831
2026-07-04T01:13:58.176375,2026-07-04T01:13:58.183978+00:00,132.8,3,bid,Xuanyu Liu,EarnestEspressos,6400838
2026-07-04T01:13:58.830257,2026-07-04T01:13:58.838677+00:00,132.8,44,bid,CostlyCorianders,EarnestEspressos,6400852
2026-07-04T01:13:59.853527,2026-07-04T01:13:59.860956+00:00,132.8,11,bid,Xuanyu Liu,EarnestEspressos,6400872
2026-07-04T01:14:00.125120,2026-07-04T01:14:00.136671+00:00,132.6,50,ask,DiligentDonuts,FlawlessFlatbreads,6400876
2026-07-04T01:14:02.268118,2026-07-04T01:14:02.279400+00:00,132.6,50,ask,EarnestEspressos,FlawlessFlatbreads,6400912
2026-07-04T01:14:04.374566,2026-07-04T01:14:04.386300+00:00,132.6,50,ask,EarnestEspressos,FlawlessFlatbreads,6400939
2026-07-04T01:14:04.510837,2026-07-04T01:14:04.518822+00:00,132.5,12,bid,Xuanyu Liu,EarnestEspressos,6400941
2026-07-04T01:14:04.644809,2026-07-04T01:14:04.653347+00:00,132.5,11,bid,Xuanyu Liu,EarnestEspressos,6400946
2026-07-04T01:14:05.062860,2026-07-04T01:14:05.076020+00:00,132.4,43,ask,DiligentDonuts,CostlyCorianders,6400954
2026-07-04T01:14:05.068634,2026-07-04T01:14:05.076020+00:00,132.5,12,bid,Xuanyu Liu,EarnestEspressos,6400955
2026-07-04T01:14:06.503990,2026-07-04T01:14:06.515463+00:00,132.4,50,ask,DiligentDonuts,FlawlessFlatbreads,6400979
2026-07-04T01:14:06.625484,2026-07-04T01:14:06.632010+00:00,132.5,41,bid,CostlyCorianders,EarnestEspressos,6400981
2026-07-04T01:14:08.616417,2026-07-04T01:14:08.625986+00:00,132.5,50,ask,EarnestEspressos,FlawlessFlatbreads,6401007
2026-07-04T01:14:09.793167,2026-07-04T01:14:09.804548+00:00,132.5,40,ask,EarnestEspressos,CostlyCorianders,6401022
2026-07-04T01:14:10.742848,2026-07-04T01:14:10.749346+00:00,132.1,50,ask,DiligentDonuts,FlawlessFlatbreads,6401028
2026-07-04T01:14:12.797925,2026-07-04T01:14:12.809414+00:00,132.5,50,bid,FlawlessFlatbreads,DiligentDonuts,6401052
2026-07-04T01:14:12.910887,2026-07-04T01:14:12.919417+00:00,132.5,44,bid,CostlyCorianders,DiligentDonuts,6401054
2026-07-04T01:14:14.571700,2026-07-04T01:14:14.583295+00:00,132.5,6,bid,CostlyCorianders,DiligentDonuts,6401079
2026-07-04T01:14:14.571700,2026-07-04T01:14:14.583295+00:00,132.5,36,bid,CostlyCorianders,EarnestEspressos,6401080
2026-07-04T01:14:14.914105,2026-07-04T01:14:14.930298+00:00,132.5,50,bid,FlawlessFlatbreads,EarnestEspressos,6401081
2026-07-04T01:14:15.592290,2026-07-04T01:14:15.601148+00:00,132.4,40,ask,DiligentDonuts,CostlyCorianders,6401092
2026-07-04T01:14:17.079679,2026-07-04T01:14:17.090769+00:00,132.4,50,ask,DiligentDonuts,FlawlessFlatbreads,6401119
