timestamp,recv_time,price,volume,aggressor_side,buyer,seller,trade_id
2026-07-09T06:00:00.376955,2026-07-09T06:00:00.319262+00:00,119.7,46,ask,EarnestEspressos,CostlyCorianders,13178674
2026-07-09T06:00:00.495269,2026-07-09T06:00:00.447925+00:00,119.7,58,ask,EarnestEspressos,DiligentDonuts,13178678
2026-07-09T06:00:00.561168,2026-07-09T06:00:00.572437+00:00,119.5,42,bid,Xuanyu Liu,DiligentDonuts,13178680
2026-07-09T06:00:00.970758,2026-07-09T06:00:00.977614+00:00,120.2,50,bid,FlawlessFlatbreads,EarnestEspressos,13178688
2026-07-09T06:00:01.029046,2026-07-09T06:00:01.038658+00:00,120.2,48,bid,CostlyCorianders,EarnestEspressos,13178689
2026-07-09T06:00:03.615330,2026-07-09T06:00:03.624677+00:00,119.9,100,bid,DiligentDonuts,EarnestEspressos,13178729
2026-07-09T06:00:04.027539,2026-07-09T06:00:04.034452+00:00,119.9,41,bid,CostlyCorianders,EarnestEspressos,13178733
2026-07-09T06:00:05.532768,2026-07-09T06:00:05.535108+00:00,119.9,9,bid,CostlyCorianders,EarnestEspressos,13178753
2026-07-09T06:00:05.836197,2026-07-09T06:00:05.847013+00:00,120.5,19,ask,EarnestEspressos,Xuanyu Liu,13178761
2026-07-09T06:00:06.438168,2026-07-09T06:00:06.452797+00:00,120.5,11,ask,EarnestEspressos,Xuanyu Liu,13178768
2026-07-09T06:00:06.832714,2026-07-09T06:00:06.843205+00:00,120.5,100,ask,EarnestEspressos,DiligentDonuts,13178780
2026-07-09T06:00:07.028160,2026-07-09T06:00:07.038588+00:00,120.5,12,ask,EarnestEspressos,Xuanyu Liu,13178781
2026-07-09T06:00:07.336060,2026-07-09T06:00:07.344760+00:00,120.5,8,ask,EarnestEspressos,FlawlessFlatbreads,13178784
2026-07-09T06:00:07.336060,2026-07-09T06:00:07.350024+00:00,119.9,42,ask,DiligentDonuts,FlawlessFlatbreads,13178785
2026-07-09T06:00:09.446677,2026-07-09T06:00:09.455311+00:00,120.0,50,ask,EarnestEspressos,FlawlessFlatbreads,13178816
2026-07-09T06:00:11.072766,2026-07-09T06:00:11.085420+00:00,120.0,49,ask,EarnestEspressos,CostlyCorianders,13178843
2026-07-09T06:00:11.554013,2026-07-09T06:00:11.566006+00:00,120.0,50,ask,EarnestEspressos,FlawlessFlatbreads,13178849
2026-07-09T06:00:12.122808,2026-07-09T06:00:12.130694+00:00,120.3,46,bid,CostlyCorianders,DiligentDonuts,13178858
2026-07-09T06:00:12.200177,2026-07-09T06:00:12.212168+00:00,119.8,100,ask,DiligentDonuts,EarnestEspressos,13178860
2026-07-09T06:00:12.214617,2026-07-09T06:00:12.227053+00:00,119.7,46,bid,Xuanyu Liu,EarnestEspressos,13178861
2026-07-09T06:00:12.816301,2026-07-09T06:00:12.826867+00:00,119.7,3,bid,Xuanyu Liu,EarnestEspressos,13178867
2026-07-09T06:00:13.105451,2026-07-09T06:00:13.117146+00:00,119.7,1,bid,DiligentDonuts,EarnestEspressos,13178876
2026-07-09T06:00:13.690340,2026-07-09T06:00:13.700710+00:00,119.7,50,ask,DiligentDonuts,FlawlessFlatbreads,13178886
2026-07-09T06:00:14.894948,2026-07-09T06:00:14.904678+00:00,119.7,49,ask,DiligentDonuts,CostlyCorianders,13178894
2026-07-09T06:00:15.688312,2026-07-09T06:00:15.698230+00:00,119.9,3,ask,EarnestEspressos,Xuanyu Liu,13178903
2026-07-09T06:00:15.798483,2026-07-09T06:00:15.810496+00:00,119.9,50,ask,EarnestEspressos,FlawlessFlatbreads,13178908
2026-07-09T06:00:16.321061,2026-07-09T06:00:16.333787+00:00,119.9,97,ask,EarnestEspressos,DiligentDonuts,13178919
2026-07-09T06:00:17.906007,2026-07-09T06:00:17.918308+00:00,119.4,50,ask,DiligentDonuts,FlawlessFlatbreads,13178941
2026-07-09T06:00:18.551274,2026-07-09T06:00:18.568762+00:00,119.7,43,bid,CostlyCorianders,EarnestEspressos,13178954
2026-07-09T06:00:18.860032,2026-07-09T06:00:18.871408+00:00,119.7,3,bid,Xuanyu Liu,EarnestEspressos,13178961
2026-07-09T06:00:19.046864,2026-07-09T06:00:19.058569+00:00,119.7,48,bid,CostlyCorianders,EarnestEspressos,13178964
2026-07-09T06:00:20.021238,2026-07-09T06:00:20.028431+00:00,119.5,50,ask,DiligentDonuts,FlawlessFlatbreads,13178972
2026-07-09T06:00:21.217628,2026-07-09T06:00:21.229666+00:00,119.5,46,ask,DiligentDonuts,CostlyCorianders,13178995
2026-07-09T06:00:21.756599,2026-07-09T06:00:21.766492+00:00,120.0,49,bid,CostlyCorianders,DiligentDonuts,13179003
2026-07-09T06:00:22.131673,2026-07-09T06:00:22.143993+00:00,119.6,50,ask,EarnestEspressos,FlawlessFlatbreads,13179009
2026-07-09T06:00:22.401671,2026-07-09T06:00:22.413945+00:00,119.6,40,ask,EarnestEspressos,CostlyCorianders,13179012
2026-07-09T06:00:24.239961,2026-07-09T06:00:24.247226+00:00,119.6,50,ask,EarnestEspressos,FlawlessFlatbreads,13179036
2026-07-09T06:00:24.877748,2026-07-09T06:00:24.885234+00:00,119.6,100,ask,DiligentDonuts,EarnestEspressos,13179042
2026-07-09T06:00:24.953876,2026-07-09T06:00:24.958565+00:00,119.5,20,bid,Heero Sipayung,EarnestEspressos,13179045
2026-07-09T06:00:24.976317,2026-07-09T06:00:24.987092+00:00,119.5,20,bid,Heero Sipayung,EarnestEspressos,13179047
2026-07-09T06:00:25.002283,2026-07-09T06:00:25.013233+00:00,119.5,10,bid,Heero Sipayung,EarnestEspressos,13179051
2026-07-09T06:00:25.872155,2026-07-09T06:00:25.883171+00:00,119.6,20,bid,Heero Sipayung,DiligentDonuts,13179065
2026-07-09T06:00:25.896390,2026-07-09T06:00:25.907074+00:00,119.6,20,bid,Heero Sipayung,DiligentDonuts,13179067
2026-07-09T06:00:25.929784,2026-07-09T06:00:25.939127+00:00,119.6,20,bid,Heero Sipayung,DiligentDonuts,13179071
2026-07-09T06:00:25.977989,2026-07-09T06:00:25.988172+00:00,119.6,20,bid,Heero Sipayung,DiligentDonuts,13179073
2026-07-09T06:00:26.001021,2026-07-09T06:00:26.010747+00:00,119.6,20,bid,Heero Sipayung,DiligentDonuts,13179075
2026-07-09T06:00:28.405228,2026-07-09T06:00:28.417438+00:00,120.1,50,bid,FlawlessFlatbreads,EarnestEspressos,13179108
2026-07-09T06:00:30.561941,2026-07-09T06:00:30.570448+00:00,119.6,50,ask,EarnestEspressos,FlawlessFlatbreads,13179134
2026-07-09T06:00:32.230579,2026-07-09T06:00:32.242849+00:00,119.2,45,ask,EarnestEspressos,CostlyCorianders,13179163
2026-07-09T06:00:32.617528,2026-07-09T06:00:32.630023+00:00,119.6,50,bid,FlawlessFlatbreads,DiligentDonuts,13179168
2026-07-09T06:00:33.252398,2026-07-09T06:00:33.263750+00:00,119.6,46,bid,CostlyCorianders,DiligentDonuts,13179176
2026-07-09T06:00:34.727087,2026-07-09T06:00:34.739210+00:00,119.6,4,bid,FlawlessFlatbreads,DiligentDonuts,13179199
2026-07-09T06:00:34.727087,2026-07-09T06:00:34.739210+00:00,119.9,46,bid,FlawlessFlatbreads,EarnestEspressos,13179200
2026-07-09T06:00:34.943316,2026-07-09T06:00:34.958610+00:00,119.4,47,ask,EarnestEspressos,CostlyCorianders,13179204
2026-07-09T06:00:36.728074,2026-07-09T06:00:36.739147+00:00,119.7,43,bid,CostlyCorianders,DiligentDonuts,13179224
2026-07-09T06:00:37.319889,2026-07-09T06:00:37.330208+00:00,119.4,44,ask,EarnestEspressos,CostlyCorianders,13179235
2026-07-09T06:00:38.419366,2026-07-09T06:00:38.426854+00:00,119.5,100,bid,DiligentDonuts,EarnestEspressos,13179252
2026-07-09T06:00:38.989171,2026-07-09T06:00:39.001473+00:00,119.0,50,ask,EarnestEspressos,FlawlessFlatbreads,13179262
2026-07-09T06:00:39.883801,2026-07-09T06:00:39.896183+00:00,119.5,44,bid,CostlyCorianders,EarnestEspressos,13179279
2026-07-09T06:00:40.443479,2026-07-09T06:00:40.450461+00:00,119.5,6,bid,CostlyCorianders,EarnestEspressos,13179291
2026-07-09T06:00:41.021559,2026-07-09T06:00:41.029754+00:00,119.4,40,ask,EarnestEspressos,CostlyCorianders,13179295
2026-07-09T06:00:41.100524,2026-07-09T06:00:41.110224+00:00,119.4,50,ask,EarnestEspressos,FlawlessFlatbreads,13179298
2026-07-09T06:00:42.109924,2026-07-09T06:00:42.122473+00:00,119.9,43,bid,CostlyCorianders,EarnestEspressos,13179315
2026-07-09T06:00:47.363797,2026-07-09T06:00:47.375665+00:00,119.6,50,bid,FlawlessFlatbreads,EarnestEspressos,13179381
2026-07-09T06:00:48.394888,2026-07-09T06:00:48.406719+00:00,119.3,43,ask,DiligentDonuts,CostlyCorianders,13179403
2026-07-09T06:00:49.471250,2026-07-09T06:00:49.483247+00:00,119.6,50,bid,FlawlessFlatbreads,EarnestEspressos,13179417
2026-07-09T06:00:50.207805,2026-07-09T06:00:50.217700+00:00,119.6,3,ask,EarnestEspressos,Xuanyu Liu,13179423
2026-07-09T06:00:50.387787,2026-07-09T06:00:50.396188+00:00,119.6,20,ask,EarnestEspressos,Heero Sipayung,13179434
2026-07-09T06:00:50.560328,2026-07-09T06:00:50.572303+00:00,119.8,47,bid,CostlyCorianders,DiligentDonuts,13179439
2026-07-09T06:00:50.648062,2026-07-09T06:00:50.651443+00:00,119.6,42,ask,EarnestEspressos,CostlyCorianders,13179440
2026-07-09T06:00:51.094567,2026-07-09T06:00:51.106882+00:00,119.6,11,ask,EarnestEspressos,Xuanyu Liu,13179451
2026-07-09T06:00:51.109456,2026-07-09T06:00:51.122461+00:00,119.6,20,ask,EarnestEspressos,Heero Sipayung,13179454
2026-07-09T06:00:51.152138,2026-07-09T06:00:51.159817+00:00,119.6,20,ask,EarnestEspressos,Heero Sipayung,13179456
2026-07-09T06:00:51.188024,2026-07-09T06:00:51.200061+00:00,119.6,20,ask,EarnestEspressos,Heero Sipayung,13179458
2026-07-09T06:00:51.212346,2026-07-09T06:00:51.224297+00:00,119.6,14,ask,EarnestEspressos,Heero Sipayung,13179460
2026-07-09T06:00:51.276191,2026-07-09T06:00:51.284929+00:00,119.4,6,ask,DiligentDonuts,Heero Sipayung,13179462
2026-07-09T06:00:51.293316,2026-07-09T06:00:51.305405+00:00,119.4,40,ask,DiligentDonuts,CostlyCorianders,13179463
2026-07-09T06:00:51.579920,2026-07-09T06:00:51.590870+00:00,119.9,50,bid,FlawlessFlatbreads,DiligentDonuts,13179466
2026-07-09T06:00:51.930244,2026-07-09T06:00:51.937828+00:00,119.9,49,bid,CostlyCorianders,DiligentDonuts,13179471
2026-07-09T06:00:53.408453,2026-07-09T06:00:53.416236+00:00,119.4,54,ask,DiligentDonuts,EarnestEspressos,13179493
2026-07-09T06:00:53.422917,2026-07-09T06:00:53.434089+00:00,119.3,11,bid,Xuanyu Liu,EarnestEspressos,13179494
2026-07-09T06:00:53.693170,2026-07-09T06:00:53.705678+00:00,119.3,50,bid,FlawlessFlatbreads,EarnestEspressos,13179505
2026-07-09T06:00:53.810970,2026-07-09T06:00:53.823128+00:00,119.3,35,bid,CostlyCorianders,EarnestEspressos,13179507
2026-07-09T06:00:55.272964,2026-07-09T06:00:55.285148+00:00,119.1,42,ask,DiligentDonuts,CostlyCorianders,13179526
2026-07-09T06:00:55.799520,2026-07-09T06:00:55.811661+00:00,119.6,50,bid,FlawlessFlatbreads,DiligentDonuts,13179531
2026-07-09T06:00:57.667938,2026-07-09T06:00:57.679659+00:00,119.3,20,ask,EarnestEspressos,Heero Sipayung,13179564
2026-07-09T06:00:57.695921,2026-07-09T06:00:57.707718+00:00,119.3,20,ask,EarnestEspressos,Heero Sipayung,13179567
2026-07-09T06:00:57.720835,2026-07-09T06:00:57.728551+00:00,119.3,10,ask,EarnestEspressos,Heero Sipayung,13179569
2026-07-09T06:00:58.263909,2026-07-09T06:00:58.276165+00:00,119.3,40,ask,EarnestEspressos,CostlyCorianders,13179575
2026-07-09T06:00:58.959671,2026-07-09T06:00:58.968836+00:00,119.3,11,ask,EarnestEspressos,Xuanyu Liu,13179584
2026-07-09T06:01:00.074988,2026-07-09T06:01:00.086865+00:00,119.1,50,ask,DiligentDonuts,FlawlessFlatbreads,13179601
2026-07-09T06:01:02.162639,2026-07-09T06:01:02.174039+00:00,119.3,50,bid,FlawlessFlatbreads,EarnestEspressos,13179636
2026-07-09T06:01:04.333649,2026-07-09T06:01:04.345288+00:00,119.0,50,ask,EarnestEspressos,FlawlessFlatbreads,13179672
2026-07-09T06:01:06.929099,2026-07-09T06:01:06.940867+00:00,119.4,49,bid,CostlyCorianders,EarnestEspressos,13179706
2026-07-09T06:01:08.558732,2026-07-09T06:01:08.571049+00:00,118.9,50,ask,EarnestEspressos,FlawlessFlatbreads,13179723
2026-07-09T06:01:08.689812,2026-07-09T06:01:08.702181+00:00,118.9,47,ask,EarnestEspressos,CostlyCorianders,13179725
2026-07-09T06:01:09.266023,2026-07-09T06:01:09.276109+00:00,119.1,11,bid,Xuanyu Liu,EarnestEspressos,13179733
2026-07-09T06:01:09.451192,2026-07-09T06:01:09.460649+00:00,119.1,3,bid,Xuanyu Liu,EarnestEspressos,13179740
2026-07-09T06:01:09.484876,2026-07-09T06:01:09.491894+00:00,119.1,20,bid,Heero Sipayung,EarnestEspressos,13179743
2026-07-09T06:01:09.551481,2026-07-09T06:01:09.561444+00:00,119.1,20,bid,Heero Sipayung,EarnestEspressos,13179745
2026-07-09T06:01:09.586302,2026-07-09T06:01:09.593735+00:00,119.1,20,bid,Heero Sipayung,EarnestEspressos,13179747
2026-07-09T06:01:09.613464,2026-07-09T06:01:09.624116+00:00,119.1,20,bid,Heero Sipayung,EarnestEspressos,13179749
2026-07-09T06:01:09.648586,2026-07-09T06:01:09.663944+00:00,119.1,20,bid,Heero Sipayung,EarnestEspressos,13179751
2026-07-09T06:01:09.680284,2026-07-09T06:01:09.690890+00:00,119.1,20,bid,Heero Sipayung,EarnestEspressos,13179753
2026-07-09T06:01:09.704154,2026-07-09T06:01:09.713048+00:00,119.1,16,bid,Heero Sipayung,EarnestEspressos,13179755
2026-07-09T06:01:10.674636,2026-07-09T06:01:10.686617+00:00,119.1,50,ask,DiligentDonuts,FlawlessFlatbreads,13179770
2026-07-09T06:01:12.774121,2026-07-09T06:01:12.784350+00:00,119.6,45,bid,CostlyCorianders,DiligentDonuts,13179805
2026-07-09T06:01:12.781779,2026-07-09T06:01:12.789766+00:00,119.3,50,ask,EarnestEspressos,FlawlessFlatbreads,13179806
2026-07-09T06:01:13.308314,2026-07-09T06:01:13.317277+00:00,119.3,43,ask,EarnestEspressos,CostlyCorianders,13179815
2026-07-09T06:01:13.876742,2026-07-09T06:01:13.888875+00:00,119.5,40,bid,CostlyCorianders,DiligentDonuts,13179823
2026-07-09T06:01:14.701697,2026-07-09T06:01:14.714642+00:00,119.3,3,ask,EarnestEspressos,Xuanyu Liu,13179842
2026-07-09T06:01:14.704911,2026-07-09T06:01:14.714642+00:00,119.3,20,ask,EarnestEspressos,Heero Sipayung,13179843
2026-07-09T06:01:14.759361,2026-07-09T06:01:14.771345+00:00,119.3,20,ask,EarnestEspressos,Heero Sipayung,13179846
2026-07-09T06:01:14.804555,2026-07-09T06:01:14.816386+00:00,119.3,14,ask,EarnestEspressos,Heero Sipayung,13179848
2026-07-09T06:01:14.889115,2026-07-09T06:01:14.896677+00:00,119.0,50,ask,DiligentDonuts,FlawlessFlatbreads,13179854
2026-07-09T06:01:16.034937,2026-07-09T06:01:16.042129+00:00,119.5,41,bid,CostlyCorianders,DiligentDonuts,13179869
2026-07-09T06:01:17.001864,2026-07-09T06:01:17.006349+00:00,119.3,50,ask,DiligentDonuts,FlawlessFlatbreads,13179883
2026-07-09T06:01:17.422915,2026-07-09T06:01:17.433816+00:00,119.3,43,ask,DiligentDonuts,CostlyCorianders,13179888
2026-07-09T06:01:19.120164,2026-07-09T06:01:19.134292+00:00,119.3,7,ask,DiligentDonuts,FlawlessFlatbreads,13179915
2026-07-09T06:01:19.120164,2026-07-09T06:01:19.134292+00:00,119.1,43,ask,EarnestEspressos,FlawlessFlatbreads,13179916
2026-07-09T06:01:20.065598,2026-07-09T06:01:20.077460+00:00,119.1,41,ask,EarnestEspressos,CostlyCorianders,13179929
2026-07-09T06:01:21.240088,2026-07-09T06:01:21.252347+00:00,119.1,50,ask,EarnestEspressos,FlawlessFlatbreads,13179945
2026-07-09T06:01:21.905421,2026-07-09T06:01:21.929464+00:00,118.9,100,ask,DiligentDonuts,EarnestEspressos,13179955
2026-07-09T06:01:21.919196,2026-07-09T06:01:21.929464+00:00,118.8,17,bid,Xuanyu Liu,EarnestEspressos,13179956
2026-07-09T06:01:21.973585,2026-07-09T06:01:21.982061+00:00,118.8,20,bid,Heero Sipayung,EarnestEspressos,13179959
2026-07-09T06:01:21.999594,2026-07-09T06:01:22.008631+00:00,118.8,13,bid,Heero Sipayung,EarnestEspressos,13179962
2026-07-09T06:01:22.046844,2026-07-09T06:01:22.053559+00:00,119.4,41,bid,CostlyCorianders,DiligentDonuts,13179966
2026-07-09T06:01:22.887944,2026-07-09T06:01:22.896114+00:00,119.1,20,bid,Heero Sipayung,DiligentDonuts,13179979
2026-07-09T06:01:22.911735,2026-07-09T06:01:22.922212+00:00,119.1,20,bid,Heero Sipayung,DiligentDonuts,13179981
2026-07-09T06:01:22.951857,2026-07-09T06:01:22.961781+00:00,119.1,20,bid,Heero Sipayung,DiligentDonuts,13179983
2026-07-09T06:01:22.983607,2026-07-09T06:01:22.993972+00:00,119.1,20,bid,Heero Sipayung,DiligentDonuts,13179985
2026-07-09T06:01:23.007835,2026-07-09T06:01:23.016312+00:00,119.1,5,bid,Heero Sipayung,DiligentDonuts,13179987
2026-07-09T06:01:23.369535,2026-07-09T06:01:23.380782+00:00,118.6,50,ask,DiligentDonuts,FlawlessFlatbreads,13179990
2026-07-09T06:01:25.171834,2026-07-09T06:01:25.180917+00:00,119.1,15,bid,CostlyCorianders,DiligentDonuts,13180012
2026-07-09T06:01:25.171834,2026-07-09T06:01:25.180917+00:00,119.5,27,bid,CostlyCorianders,EarnestEspressos,13180013
2026-07-09T06:01:25.477011,2026-07-09T06:01:25.484848+00:00,119.0,50,ask,EarnestEspressos,FlawlessFlatbreads,13180029
2026-07-09T06:01:27.589183,2026-07-09T06:01:27.607972+00:00,119.0,50,ask,EarnestEspressos,FlawlessFlatbreads,13180064
2026-07-09T06:01:28.406854,2026-07-09T06:01:28.419251+00:00,119.0,41,ask,DiligentDonuts,CostlyCorianders,13180086
2026-07-09T06:01:29.607105,2026-07-09T06:01:29.615651+00:00,119.3,46,bid,CostlyCorianders,EarnestEspressos,13180107
2026-07-09T06:01:29.696148,2026-07-09T06:01:29.707977+00:00,118.8,50,ask,EarnestEspressos,FlawlessFlatbreads,13180112
2026-07-09T06:01:31.293276,2026-07-09T06:01:31.300372+00:00,118.8,41,ask,EarnestEspressos,CostlyCorianders,13180134
2026-07-09T06:01:31.835935,2026-07-09T06:01:31.845748+00:00,118.8,50,ask,DiligentDonuts,FlawlessFlatbreads,13180143
2026-07-09T06:01:33.943337,2026-07-09T06:01:33.949843+00:00,118.6,50,ask,DiligentDonuts,FlawlessFlatbreads,13180171
2026-07-09T06:01:35.508837,2026-07-09T06:01:35.517322+00:00,118.8,46,bid,CostlyCorianders,DiligentDonuts,13180196
2026-07-09T06:01:36.091536,2026-07-09T06:01:36.100401+00:00,118.4,40,ask,EarnestEspressos,CostlyCorianders,13180205
2026-07-09T06:01:36.394518,2026-07-09T06:01:36.406045+00:00,118.8,12,bid,Xuanyu Liu,DiligentDonuts,13180215
2026-07-09T06:01:37.641503,2026-07-09T06:01:37.648019+00:00,118.8,42,bid,CostlyCorianders,DiligentDonuts,13180235
2026-07-09T06:01:38.104154,2026-07-09T06:01:38.114237+00:00,118.5,50,bid,FlawlessFlatbreads,EarnestEspressos,13180239
2026-07-09T06:01:38.230330,2026-07-09T06:01:38.237804+00:00,118.3,48,ask,DiligentDonuts,CostlyCorianders,13180241
2026-07-09T06:01:38.324721,2026-07-09T06:01:38.335144+00:00,118.5,11,bid,Xuanyu Liu,EarnestEspressos,13180244
2026-07-09T06:01:38.619548,2026-07-09T06:01:38.629180+00:00,118.5,89,bid,DiligentDonuts,EarnestEspressos,13180248
2026-07-09T06:01:40.210608,2026-07-09T06:01:40.222724+00:00,119.0,50,bid,FlawlessFlatbreads,DiligentDonuts,13180267
2026-07-09T06:01:40.313338,2026-07-09T06:01:40.323558+00:00,119.0,40,bid,CostlyCorianders,DiligentDonuts,13180270
2026-07-09T06:01:40.847538,2026-07-09T06:01:40.858018+00:00,118.8,11,ask,EarnestEspressos,Xuanyu Liu,13180283
2026-07-09T06:01:40.960953,2026-07-09T06:01:40.978635+00:00,119.0,10,bid,CostlyCorianders,DiligentDonuts,13180289
2026-07-09T06:01:40.969348,2026-07-09T06:01:40.978635+00:00,118.8,23,ask,EarnestEspressos,Xuanyu Liu,13180291
2026-07-09T06:01:41.835321,2026-07-09T06:01:41.847355+00:00,118.8,100,ask,EarnestEspressos,DiligentDonuts,13180304
2026-07-09T06:01:42.317653,2026-07-09T06:01:42.325812+00:00,119.3,50,bid,FlawlessFlatbreads,EarnestEspressos,13180318
2026-07-09T06:01:44.115627,2026-07-09T06:01:44.129195+00:00,118.4,46,ask,EarnestEspressos,CostlyCorianders,13180339
2026-07-09T06:01:44.429337,2026-07-09T06:01:44.436566+00:00,118.9,50,bid,FlawlessFlatbreads,EarnestEspressos,13180347
2026-07-09T06:01:46.537638,2026-07-09T06:01:46.544971+00:00,118.9,50,bid,FlawlessFlatbreads,EarnestEspressos,13180369
2026-07-09T06:01:48.214718,2026-07-09T06:01:48.224748+00:00,118.7,45,ask,EarnestEspressos,CostlyCorianders,13180394
2026-07-09T06:01:48.646219,2026-07-09T06:01:48.658559+00:00,119.2,50,bid,FlawlessFlatbreads,EarnestEspressos,13180398
2026-07-09T06:01:50.261487,2026-07-09T06:01:50.273886+00:00,119.2,47,bid,CostlyCorianders,EarnestEspressos,13180413
2026-07-09T06:01:50.753239,2026-07-09T06:01:50.765560+00:00,119.2,50,bid,FlawlessFlatbreads,DiligentDonuts,13180419
2026-07-09T06:01:53.316695,2026-07-09T06:01:53.328481+00:00,119.3,43,bid,CostlyCorianders,EarnestEspressos,13180444
2026-07-09T06:01:53.884500,2026-07-09T06:01:53.896180+00:00,118.9,45,ask,EarnestEspressos,CostlyCorianders,13180449
2026-07-09T06:01:54.425426,2026-07-09T06:01:54.433262+00:00,119.4,43,bid,CostlyCorianders,EarnestEspressos,13180464
2026-07-09T06:01:55.016343,2026-07-09T06:01:55.023746+00:00,118.9,50,ask,EarnestEspressos,FlawlessFlatbreads,13180474
2026-07-09T06:01:55.376163,2026-07-09T06:01:55.387980+00:00,118.9,40,ask,EarnestEspressos,CostlyCorianders,13180482
2026-07-09T06:01:57.125603,2026-07-09T06:01:57.134809+00:00,118.8,50,ask,DiligentDonuts,FlawlessFlatbreads,13180499
2026-07-09T06:01:59.107442,2026-07-09T06:01:59.114807+00:00,118.8,40,ask,DiligentDonuts,CostlyCorianders,13180524
2026-07-09T06:01:59.243766,2026-07-09T06:01:59.254087+00:00,118.8,50,ask,DiligentDonuts,FlawlessFlatbreads,13180525
2026-07-09T06:02:00.202812,2026-07-09T06:02:00.212835+00:00,119.1,43,bid,CostlyCorianders,EarnestEspressos,13180537
2026-07-09T06:02:00.767823,2026-07-09T06:02:00.777313+00:00,119.1,43,bid,CostlyCorianders,EarnestEspressos,13180546
2026-07-09T06:02:01.350561,2026-07-09T06:02:01.363721+00:00,118.6,50,ask,EarnestEspressos,FlawlessFlatbreads,13180553
2026-07-09T06:02:03.428582,2026-07-09T06:02:03.438438+00:00,118.7,42,ask,EarnestEspressos,CostlyCorianders,13180600
2026-07-09T06:02:03.463689,2026-07-09T06:02:03.475891+00:00,118.7,50,ask,EarnestEspressos,FlawlessFlatbreads,13180601
2026-07-09T06:02:05.571992,2026-07-09T06:02:05.584536+00:00,118.7,50,ask,EarnestEspressos,FlawlessFlatbreads,13180628
2026-07-09T06:02:07.219795,2026-07-09T06:02:07.221587+00:00,119.0,48,bid,CostlyCorianders,EarnestEspressos,13180651
2026-07-09T06:02:07.680138,2026-07-09T06:02:07.687185+00:00,118.7,50,ask,DiligentDonuts,FlawlessFlatbreads,13180661
2026-07-09T06:02:09.400545,2026-07-09T06:02:09.411889+00:00,118.7,41,ask,DiligentDonuts,CostlyCorianders,13180685
2026-07-09T06:02:09.787357,2026-07-09T06:02:09.799657+00:00,118.7,9,ask,DiligentDonuts,FlawlessFlatbreads,13180689
2026-07-09T06:02:09.787357,2026-07-09T06:02:09.799657+00:00,118.5,41,ask,EarnestEspressos,FlawlessFlatbreads,13180690
2026-07-09T06:02:10.325186,2026-07-09T06:02:10.334954+00:00,118.8,11,bid,Xuanyu Liu,DiligentDonuts,13180701
2026-07-09T06:02:11.206805,2026-07-09T06:02:11.216773+00:00,118.8,12,bid,Xuanyu Liu,DiligentDonuts,13180717
2026-07-09T06:02:11.566834,2026-07-09T06:02:11.579065+00:00,118.8,46,bid,CostlyCorianders,DiligentDonuts,13180722
2026-07-09T06:02:11.896829,2026-07-09T06:02:11.905061+00:00,118.5,50,ask,EarnestEspressos,FlawlessFlatbreads,13180725
2026-07-09T06:02:12.040628,2026-07-09T06:02:12.052329+00:00,118.5,44,ask,EarnestEspressos,CostlyCorianders,13180726
2026-07-09T06:02:12.524626,2026-07-09T06:02:12.537562+00:00,118.8,11,bid,Xuanyu Liu,DiligentDonuts,13180730
2026-07-09T06:02:12.619540,2026-07-09T06:02:12.630615+00:00,118.6,23,bid,Xuanyu Liu,EarnestEspressos,13180733
2026-07-09T06:02:13.426196,2026-07-09T06:02:13.434845+00:00,118.6,100,bid,DiligentDonuts,EarnestEspressos,13180738
2026-07-09T06:02:14.017016,2026-07-09T06:02:14.029379+00:00,118.1,50,ask,EarnestEspressos,FlawlessFlatbreads,13180748
2026-07-09T06:02:16.126972,2026-07-09T06:02:16.138592+00:00,118.2,50,ask,EarnestEspressos,FlawlessFlatbreads,13180773
2026-07-09T06:02:17.050661,2026-07-09T06:02:17.058585+00:00,118.6,48,bid,CostlyCorianders,DiligentDonuts,13180784
2026-07-09T06:02:18.233051,2026-07-09T06:02:18.245023+00:00,118.2,50,ask,EarnestEspressos,FlawlessFlatbreads,13180800
2026-07-09T06:02:18.930502,2026-07-09T06:02:18.938646+00:00,118.1,100,ask,DiligentDonuts,EarnestEspressos,13180807
2026-07-09T06:02:19.104186,2026-07-09T06:02:19.117893+00:00,118.1,11,bid,Xuanyu Liu,EarnestEspressos,13180811
2026-07-09T06:02:19.273101,2026-07-09T06:02:19.287270+00:00,118.1,39,bid,CostlyCorianders,EarnestEspressos,13180816
2026-07-09T06:02:19.273101,2026-07-09T06:02:19.287270+00:00,118.6,3,bid,CostlyCorianders,DiligentDonuts,13180817
2026-07-09T06:02:20.340001,2026-07-09T06:02:20.347568+00:00,117.9,50,ask,DiligentDonuts,FlawlessFlatbreads,13180839
2026-07-09T06:02:22.039001,2026-07-09T06:02:22.046764+00:00,118.4,100,bid,EarnestEspressos,DiligentDonuts,13180864
2026-07-09T06:02:22.278932,2026-07-09T06:02:22.291311+00:00,118.4,46,ask,EarnestEspressos,CostlyCorianders,13180865
2026-07-09T06:02:23.764939,2026-07-09T06:02:23.777481+00:00,118.4,4,ask,EarnestEspressos,CostlyCorianders,13180881
2026-07-09T06:02:23.764939,2026-07-09T06:02:23.777481+00:00,118.2,42,ask,DiligentDonuts,CostlyCorianders,13180882
2026-07-09T06:02:24.294316,2026-07-09T06:02:24.306299+00:00,118.7,44,bid,CostlyCorianders,DiligentDonuts,13180891
2026-07-09T06:02:24.592244,2026-07-09T06:02:24.605016+00:00,118.2,50,ask,DiligentDonuts,FlawlessFlatbreads,13180894
2026-07-09T06:02:24.845661,2026-07-09T06:02:24.858567+00:00,118.7,46,bid,CostlyCorianders,DiligentDonuts,13180898
2026-07-09T06:02:25.254750,2026-07-09T06:02:25.269180+00:00,118.2,8,ask,DiligentDonuts,EarnestEspressos,13180903
2026-07-09T06:02:26.701958,2026-07-09T06:02:26.714348+00:00,118.0,50,ask,DiligentDonuts,FlawlessFlatbreads,13180927
2026-07-09T06:02:28.760850,2026-07-09T06:02:28.770463+00:00,118.2,50,bid,FlawlessFlatbreads,EarnestEspressos,13180946
2026-07-09T06:02:30.867430,2026-07-09T06:02:30.879456+00:00,118.2,50,bid,FlawlessFlatbreads,EarnestEspressos,13180971
2026-07-09T06:02:32.984155,2026-07-09T06:02:32.995053+00:00,118.2,50,bid,FlawlessFlatbreads,DiligentDonuts,13181004
2026-07-09T06:02:34.337242,2026-07-09T06:02:34.346282+00:00,118.2,43,bid,CostlyCorianders,DiligentDonuts,13181025
2026-07-09T06:02:35.091333,2026-07-09T06:02:35.103630+00:00,118.2,7,bid,FlawlessFlatbreads,DiligentDonuts,13181037
2026-07-09T06:02:35.091333,2026-07-09T06:02:35.103630+00:00,118.6,43,bid,FlawlessFlatbreads,EarnestEspressos,13181038
2026-07-09T06:02:37.234434,2026-07-09T06:02:37.246340+00:00,118.6,50,bid,FlawlessFlatbreads,EarnestEspressos,13181063
2026-07-09T06:02:37.869969,2026-07-09T06:02:37.879574+00:00,118.5,22,ask,EarnestEspressos,Xuanyu Liu,13181071
2026-07-09T06:02:39.343559,2026-07-09T06:02:39.358590+00:00,118.7,50,bid,FlawlessFlatbreads,DiligentDonuts,13181099
2026-07-09T06:02:40.073839,2026-07-09T06:02:40.085778+00:00,118.5,42,ask,EarnestEspressos,CostlyCorianders,13181109
2026-07-09T06:02:40.619570,2026-07-09T06:02:40.631189+00:00,118.5,12,ask,EarnestEspressos,Xuanyu Liu,13181120
2026-07-09T06:02:41.190010,2026-07-09T06:02:41.201991+00:00,118.2,44,ask,DiligentDonuts,CostlyCorianders,13181136
2026-07-09T06:02:41.470635,2026-07-09T06:02:41.481363+00:00,118.6,12,bid,Xuanyu Liu,EarnestEspressos,13181149
2026-07-09T06:02:41.506433,2026-07-09T06:02:41.518319+00:00,118.2,50,ask,DiligentDonuts,FlawlessFlatbreads,13181151
2026-07-09T06:02:43.442136,2026-07-09T06:02:43.453753+00:00,118.3,40,ask,DiligentDonuts,CostlyCorianders,13181168
2026-07-09T06:02:45.601442,2026-07-09T06:02:45.613581+00:00,118.5,41,bid,CostlyCorianders,DiligentDonuts,13181202
2026-07-09T06:02:45.665077,2026-07-09T06:02:45.677302+00:00,118.5,50,bid,FlawlessFlatbreads,DiligentDonuts,13181203
2026-07-09T06:02:47.026271,2026-07-09T06:02:47.038734+00:00,118.5,9,bid,CostlyCorianders,DiligentDonuts,13181228
2026-07-09T06:02:47.676889,2026-07-09T06:02:47.688632+00:00,118.2,48,ask,EarnestEspressos,CostlyCorianders,13181244
2026-07-09T06:02:47.774951,2026-07-09T06:02:47.786798+00:00,118.7,50,bid,FlawlessFlatbreads,EarnestEspressos,13181247
2026-07-09T06:02:49.882355,2026-07-09T06:02:49.889937+00:00,118.7,50,bid,FlawlessFlatbreads,EarnestEspressos,13181278
2026-07-09T06:02:52.061651,2026-07-09T06:02:52.073853+00:00,118.6,50,ask,EarnestEspressos,FlawlessFlatbreads,13181301
2026-07-09T06:02:52.296639,2026-07-09T06:02:52.309129+00:00,118.9,41,bid,CostlyCorianders,DiligentDonuts,13181304
2026-07-09T06:02:52.739120,2026-07-09T06:02:52.748581+00:00,118.6,12,ask,EarnestEspressos,Xuanyu Liu,13181309
2026-07-09T06:02:53.501936,2026-07-09T06:02:53.513877+00:00,118.6,41,ask,EarnestEspressos,CostlyCorianders,13181318
2026-07-09T06:02:54.118885,2026-07-09T06:02:54.128466+00:00,118.7,50,bid,FlawlessFlatbreads,EarnestEspressos,13181323
2026-07-09T06:02:54.688417,2026-07-09T06:02:54.700100+00:00,118.7,41,bid,CostlyCorianders,EarnestEspressos,13181336
2026-07-09T06:02:54.742625,2026-07-09T06:02:54.754915+00:00,118.6,48,ask,DiligentDonuts,CostlyCorianders,13181337
2026-07-09T06:02:55.257252,2026-07-09T06:02:55.269046+00:00,118.7,42,bid,CostlyCorianders,EarnestEspressos,13181343
2026-07-09T06:02:56.256073,2026-07-09T06:02:56.268754+00:00,118.7,17,bid,FlawlessFlatbreads,EarnestEspressos,13181353
2026-07-09T06:02:56.256073,2026-07-09T06:02:56.268754+00:00,119.1,33,bid,FlawlessFlatbreads,DiligentDonuts,13181354
2026-07-09T06:02:58.366778,2026-07-09T06:02:58.378816+00:00,119.2,50,bid,Thomas Lee,DiligentDonuts,13181376
2026-07-09T06:02:58.868557,2026-07-09T06:02:58.876699+00:00,119.2,50,bid,FlawlessFlatbreads,DiligentDonuts,13181383
2026-07-09T06:02:58.877613,2026-07-09T06:02:58.887075+00:00,119.3,5,bid,Thomas Lee,EarnestEspressos,13181385
2026-07-09T06:03:00.077192,2026-07-09T06:03:00.086991+00:00,119.0,11,ask,EarnestEspressos,Xuanyu Liu,13181404
2026-07-09T06:03:00.485754,2026-07-09T06:03:00.494122+00:00,119.5,50,bid,FlawlessFlatbreads,EarnestEspressos,13181409
2026-07-09T06:03:01.882644,2026-07-09T06:03:01.894993+00:00,119.5,5,bid,Thomas Lee,EarnestEspressos,13181432
2026-07-09T06:03:02.591500,2026-07-09T06:03:02.603622+00:00,119.5,50,bid,FlawlessFlatbreads,EarnestEspressos,13181443
2026-07-09T06:03:03.177190,2026-07-09T06:03:03.185292+00:00,119.5,100,bid,EarnestEspressos,DiligentDonuts,13181451
2026-07-09T06:03:03.266613,2026-07-09T06:03:03.279922+00:00,119.5,26,ask,EarnestEspressos,Xuanyu Liu,13181452
2026-07-09T06:03:03.922259,2026-07-09T06:03:03.934451+00:00,119.5,24,ask,EarnestEspressos,CostlyCorianders,13181460
2026-07-09T06:03:03.922259,2026-07-09T06:03:03.934451+00:00,119.0,24,ask,DiligentDonuts,CostlyCorianders,13181461
2026-07-09T06:03:05.109025,2026-07-09T06:03:05.120882+00:00,119.3,45,ask,DiligentDonuts,CostlyCorianders,13181477
2026-07-09T06:03:06.419424,2026-07-09T06:03:06.431762+00:00,119.3,55,ask,DiligentDonuts,EarnestEspressos,13181488
2026-07-09T06:03:06.669456,2026-07-09T06:03:06.681519+00:00,119.3,49,bid,CostlyCorianders,EarnestEspressos,13181491
2026-07-09T06:03:06.908118,2026-07-09T06:03:06.918340+00:00,118.8,50,ask,EarnestEspressos,FlawlessFlatbreads,13181494
2026-07-09T06:03:07.297959,2026-07-09T06:03:07.309957+00:00,119.0,49,ask,DiligentDonuts,CostlyCorianders,13181499
2026-07-09T06:03:07.772427,2026-07-09T06:03:07.782333+00:00,119.3,14,bid,Xuanyu Liu,EarnestEspressos,13181505
2026-07-09T06:03:07.901974,2026-07-09T06:03:07.914374+00:00,119.3,32,bid,Thomas Lee,EarnestEspressos,13181507
2026-07-09T06:03:07.913673,2026-07-09T06:03:07.924596+00:00,119.5,5,bid,Thomas Lee,DiligentDonuts,13181509
2026-07-09T06:03:08.964594,2026-07-09T06:03:08.974928+00:00,119.5,50,bid,FlawlessFlatbreads,DiligentDonuts,13181521
2026-07-09T06:03:09.531923,2026-07-09T06:03:09.543914+00:00,119.5,45,bid,EarnestEspressos,DiligentDonuts,13181522
2026-07-09T06:03:09.692178,2026-07-09T06:03:09.705403+00:00,119.6,11,ask,EarnestEspressos,Xuanyu Liu,13181526
2026-07-09T06:03:10.927853,2026-07-09T06:03:10.937737+00:00,119.6,72,ask,EarnestEspressos,Thomas Lee,13181541
2026-07-09T06:03:10.932431,2026-07-09T06:03:10.942908+00:00,119.9,5,bid,Thomas Lee,DiligentDonuts,13181542
2026-07-09T06:03:11.072325,2026-07-09T06:03:11.084550+00:00,119.9,50,bid,FlawlessFlatbreads,DiligentDonuts,13181544
2026-07-09T06:03:13.180213,2026-07-09T06:03:13.192564+00:00,119.5,50,bid,FlawlessFlatbreads,EarnestEspressos,13181572
2026-07-09T06:03:13.583935,2026-07-09T06:03:13.590448+00:00,119.5,100,bid,DiligentDonuts,EarnestEspressos,13181575
2026-07-09T06:03:14.043828,2026-07-09T06:03:14.058598+00:00,120.1,43,bid,CostlyCorianders,DiligentDonuts,13181579
2026-07-09T06:03:15.293045,2026-07-09T06:03:15.303722+00:00,120.1,50,bid,FlawlessFlatbreads,DiligentDonuts,13181594
2026-07-09T06:03:17.434214,2026-07-09T06:03:17.446050+00:00,120.0,50,bid,FlawlessFlatbreads,DiligentDonuts,13181630
2026-07-09T06:03:19.623545,2026-07-09T06:03:19.631157+00:00,119.8,50,ask,EarnestEspressos,FlawlessFlatbreads,13181658
2026-07-09T06:03:19.659567,2026-07-09T06:03:19.672320+00:00,119.8,3,ask,EarnestEspressos,Xuanyu Liu,13181660
2026-07-09T06:03:20.543673,2026-07-09T06:03:20.555844+00:00,119.8,47,ask,EarnestEspressos,CostlyCorianders,13181670
2026-07-09T06:03:21.729708,2026-07-09T06:03:21.741842+00:00,119.8,50,ask,EarnestEspressos,FlawlessFlatbreads,13181687
2026-07-09T06:03:22.243494,2026-07-09T06:03:22.264005+00:00,119.6,100,ask,DiligentDonuts,EarnestEspressos,13181693
2026-07-09T06:03:22.982733,2026-07-09T06:03:22.994846+00:00,119.6,5,bid,Thomas Lee,EarnestEspressos,13181706
2026-07-09T06:03:23.852531,2026-07-09T06:03:23.864767+00:00,119.4,50,ask,DiligentDonuts,FlawlessFlatbreads,13181716
2026-07-09T06:03:25.963784,2026-07-09T06:03:25.971052+00:00,119.4,50,ask,DiligentDonuts,FlawlessFlatbreads,13181752
2026-07-09T06:03:26.308829,2026-07-09T06:03:26.318907+00:00,119.5,14,bid,Xuanyu Liu,DiligentDonuts,13181758
2026-07-09T06:03:27.566196,2026-07-09T06:03:27.577884+00:00,119.5,40,bid,CostlyCorianders,DiligentDonuts,13181779
2026-07-09T06:03:28.101842,2026-07-09T06:03:28.109208+00:00,119.4,50,ask,EarnestEspressos,FlawlessFlatbreads,13181783
2026-07-09T06:03:28.626742,2026-07-09T06:03:28.635085+00:00,119.5,40,bid,CostlyCorianders,DiligentDonuts,13181789
2026-07-09T06:03:28.848518,2026-07-09T06:03:28.858962+00:00,119.5,6,bid,Xuanyu Liu,DiligentDonuts,13181796
2026-07-09T06:03:29.140132,2026-07-09T06:03:29.147604+00:00,119.9,43,bid,CostlyCorianders,EarnestEspressos,13181801
2026-07-09T06:03:29.194080,2026-07-09T06:03:29.204515+00:00,119.4,43,ask,EarnestEspressos,CostlyCorianders,13181805
2026-07-09T06:03:29.710782,2026-07-09T06:03:29.718719+00:00,119.6,48,ask,DiligentDonuts,CostlyCorianders,13181816
2026-07-09T06:03:30.209990,2026-07-09T06:03:30.222166+00:00,119.6,50,ask,DiligentDonuts,FlawlessFlatbreads,13181821
2026-07-09T06:03:30.296555,2026-07-09T06:03:30.305600+00:00,119.6,2,ask,DiligentDonuts,Xuanyu Liu,13181822
2026-07-09T06:03:32.293030,2026-07-09T06:03:32.305196+00:00,119.8,47,bid,CostlyCorianders,EarnestEspressos,13181843
2026-07-09T06:03:32.345755,2026-07-09T06:03:32.358552+00:00,119.3,50,ask,EarnestEspressos,FlawlessFlatbreads,13181844
2026-07-09T06:03:34.398662,2026-07-09T06:03:34.410610+00:00,119.7,46,bid,CostlyCorianders,DiligentDonuts,13181878
2026-07-09T06:03:34.453955,2026-07-09T06:03:34.466128+00:00,119.3,50,ask,EarnestEspressos,FlawlessFlatbreads,13181879
2026-07-09T06:03:35.005861,2026-07-09T06:03:35.014962+00:00,119.7,54,bid,Thomas Lee,DiligentDonuts,13181890
2026-07-09T06:03:35.015739,2026-07-09T06:03:35.025520+00:00,119.8,5,bid,Thomas Lee,EarnestEspressos,13181892
2026-07-09T06:03:36.593761,2026-07-09T06:03:36.610463+00:00,119.6,50,ask,DiligentDonuts,FlawlessFlatbreads,13181919
2026-07-09T06:03:36.594104,2026-07-09T06:03:36.610463+00:00,119.6,4,ask,DiligentDonuts,Xuanyu Liu,13181920
2026-07-09T06:03:36.737762,2026-07-09T06:03:36.747461+00:00,119.6,14,ask,DiligentDonuts,Xuanyu Liu,13181923
2026-07-09T06:03:38.066420,2026-07-09T06:03:38.086843+00:00,119.6,32,ask,DiligentDonuts,EarnestEspressos,13181937
2026-07-09T06:03:38.077420,2026-07-09T06:03:38.086843+00:00,119.4,14,bid,Xuanyu Liu,EarnestEspressos,13181938
2026-07-09T06:03:40.752392,2026-07-09T06:03:40.764402+00:00,119.4,50,bid,FlawlessFlatbreads,EarnestEspressos,13181970
2026-07-09T06:03:41.024953,2026-07-09T06:03:41.032171+00:00,119.1,42,ask,DiligentDonuts,CostlyCorianders,13181974
2026-07-09T06:03:41.579988,2026-07-09T06:03:41.592300+00:00,119.3,47,ask,EarnestEspressos,CostlyCorianders,13181983
2026-07-09T06:03:42.096143,2026-07-09T06:03:42.103887+00:00,119.3,42,ask,EarnestEspressos,CostlyCorianders,13181992
2026-07-09T06:03:42.912303,2026-07-09T06:03:42.923236+00:00,119.3,50,ask,EarnestEspressos,FlawlessFlatbreads,13182007
2026-07-09T06:03:43.123043,2026-07-09T06:03:43.137550+00:00,119.4,46,bid,CostlyCorianders,DiligentDonuts,13182012
2026-07-09T06:03:44.275659,2026-07-09T06:03:44.287747+00:00,119.4,48,bid,CostlyCorianders,DiligentDonuts,13182026
2026-07-09T06:03:45.018267,2026-07-09T06:03:45.030644+00:00,118.9,50,ask,DiligentDonuts,FlawlessFlatbreads,13182036
2026-07-09T06:03:45.672317,2026-07-09T06:03:45.679232+00:00,119.2,46,bid,CostlyCorianders,EarnestEspressos,13182045
2026-07-09T06:03:47.041844,2026-07-09T06:03:47.050229+00:00,119.2,2,bid,Thomas Lee,EarnestEspressos,13182064
2026-07-09T06:03:48.150987,2026-07-09T06:03:48.158545+00:00,119.0,48,ask,EarnestEspressos,CostlyCorianders,13182080
2026-07-09T06:03:48.615281,2026-07-09T06:03:48.622512+00:00,119.4,48,bid,CostlyCorianders,DiligentDonuts,13182092
2026-07-09T06:03:51.284467,2026-07-09T06:03:51.294403+00:00,119.3,50,bid,FlawlessFlatbreads,EarnestEspressos,13182120
2026-07-09T06:03:53.391150,2026-07-09T06:03:53.402847+00:00,119.3,50,bid,FlawlessFlatbreads,EarnestEspressos,13182144
2026-07-09T06:03:54.614652,2026-07-09T06:03:54.627208+00:00,119.1,46,ask,DiligentDonuts,CostlyCorianders,13182156
2026-07-09T06:03:55.496257,2026-07-09T06:03:55.508214+00:00,119.3,50,bid,FlawlessFlatbreads,DiligentDonuts,13182175
2026-07-09T06:03:55.684395,2026-07-09T06:03:55.693877+00:00,119.0,40,ask,EarnestEspressos,CostlyCorianders,13182177
2026-07-09T06:03:56.661647,2026-07-09T06:03:56.673982+00:00,119.3,44,bid,CostlyCorianders,DiligentDonuts,13182189
2026-07-09T06:03:57.604961,2026-07-09T06:03:57.614235+00:00,119.3,6,bid,FlawlessFlatbreads,DiligentDonuts,13182204
2026-07-09T06:03:57.604961,2026-07-09T06:03:57.619445+00:00,119.4,44,bid,FlawlessFlatbreads,EarnestEspressos,13182205
2026-07-09T06:03:59.716222,2026-07-09T06:03:59.727942+00:00,119.3,50,bid,FlawlessFlatbreads,DiligentDonuts,13182235
2026-07-09T06:04:01.098449,2026-07-09T06:04:01.109254+00:00,119.2,11,ask,DiligentDonuts,Xuanyu Liu,13182259
2026-07-09T06:04:01.829608,2026-07-09T06:04:01.840575+00:00,119.4,50,bid,FlawlessFlatbreads,EarnestEspressos,13182271
2026-07-09T06:04:02.077368,2026-07-09T06:04:02.086645+00:00,119.2,89,ask,DiligentDonuts,Thomas Lee,13182277
2026-07-09T06:04:03.238749,2026-07-09T06:04:03.248681+00:00,118.9,47,ask,EarnestEspressos,CostlyCorianders,13182293
2026-07-09T06:04:03.936062,2026-07-09T06:04:03.944864+00:00,119.4,50,bid,FlawlessFlatbreads,EarnestEspressos,13182303
2026-07-09T06:04:06.042167,2026-07-09T06:04:06.054385+00:00,119.4,50,bid,FlawlessFlatbreads,EarnestEspressos,13182333
2026-07-09T06:04:06.521990,2026-07-09T06:04:06.531248+00:00,119.3,3,ask,EarnestEspressos,Xuanyu Liu,13182338
2026-07-09T06:04:06.748006,2026-07-09T06:04:06.758551+00:00,119.3,46,ask,EarnestEspressos,CostlyCorianders,13182346
2026-07-09T06:04:08.092686,2026-07-09T06:04:08.100167+00:00,119.4,74,bid,Thomas Lee,DiligentDonuts,13182364
2026-07-09T06:04:08.152979,2026-07-09T06:04:08.158571+00:00,119.4,26,bid,FlawlessFlatbreads,DiligentDonuts,13182366
2026-07-09T06:04:08.152979,2026-07-09T06:04:08.158571+00:00,119.8,24,bid,FlawlessFlatbreads,EarnestEspressos,13182367
2026-07-09T06:04:10.267972,2026-07-09T06:04:10.279860+00:00,119.7,50,bid,FlawlessFlatbreads,EarnestEspressos,13182384
2026-07-09T06:04:11.380136,2026-07-09T06:04:11.391852+00:00,119.6,40,bid,CostlyCorianders,DiligentDonuts,13182399
2026-07-09T06:04:12.428925,2026-07-09T06:04:12.437777+00:00,119.2,50,ask,EarnestEspressos,FlawlessFlatbreads,13182410
2026-07-09T06:04:12.435497,2026-07-09T06:04:12.448332+00:00,119.2,45,ask,EarnestEspressos,CostlyCorianders,13182411
2026-07-09T06:04:13.442339,2026-07-09T06:04:13.450167+00:00,119.6,49,bid,CostlyCorianders,DiligentDonuts,13182425
2026-07-09T06:04:13.745918,2026-07-09T06:04:13.758630+00:00,119.6,100,bid,DiligentDonuts,EarnestEspressos,13182432
2026-07-09T06:04:14.487597,2026-07-09T06:04:14.499710+00:00,119.6,50,bid,FlawlessFlatbreads,EarnestEspressos,13182439
2026-07-09T06:04:16.048170,2026-07-09T06:04:16.057722+00:00,119.9,14,ask,EarnestEspressos,Xuanyu Liu,13182462
2026-07-09T06:04:16.076002,2026-07-09T06:04:16.083872+00:00,119.9,20,ask,EarnestEspressos,Heero Sipayung,13182465
2026-07-09T06:04:16.143232,2026-07-09T06:04:16.155314+00:00,119.9,20,ask,EarnestEspressos,Heero Sipayung,13182468
2026-07-09T06:04:16.170913,2026-07-09T06:04:16.181424+00:00,119.9,20,ask,EarnestEspressos,Heero Sipayung,13182471
2026-07-09T06:04:16.194410,2026-07-09T06:04:16.205819+00:00,119.9,20,ask,EarnestEspressos,Heero Sipayung,13182473
2026-07-09T06:04:16.216716,2026-07-09T06:04:16.228573+00:00,119.9,20,ask,EarnestEspressos,Heero Sipayung,13182475
2026-07-09T06:04:16.257972,2026-07-09T06:04:16.269700+00:00,119.9,20,ask,EarnestEspressos,Heero Sipayung,13182477
2026-07-09T06:04:16.281856,2026-07-09T06:04:16.293803+00:00,119.9,16,ask,EarnestEspressos,Heero Sipayung,13182479
2026-07-09T06:04:18.073007,2026-07-09T06:04:18.080476+00:00,119.4,48,ask,DiligentDonuts,CostlyCorianders,13182510
2026-07-09T06:04:19.083761,2026-07-09T06:04:19.095599+00:00,119.9,49,bid,CostlyCorianders,DiligentDonuts,13182529
2026-07-09T06:04:22.765585,2026-07-09T06:04:22.777469+00:00,119.2,20,ask,DiligentDonuts,Heero Sipayung,13182573
2026-07-09T06:04:22.790556,2026-07-09T06:04:22.802713+00:00,119.2,20,ask,DiligentDonuts,Heero Sipayung,13182575
2026-07-09T06:04:22.817217,2026-07-09T06:04:22.828564+00:00,119.2,20,ask,DiligentDonuts,Heero Sipayung,13182578
2026-07-09T06:04:22.851056,2026-07-09T06:04:22.858576+00:00,119.2,4,ask,DiligentDonuts,Heero Sipayung,13182580
2026-07-09T06:04:22.956398,2026-07-09T06:04:22.969113+00:00,119.2,36,ask,DiligentDonuts,FlawlessFlatbreads,13182583
2026-07-09T06:04:22.956398,2026-07-09T06:04:22.969113+00:00,119.0,14,ask,EarnestEspressos,FlawlessFlatbreads,13182584
2026-07-09T06:04:23.323077,2026-07-09T06:04:23.331691+00:00,119.0,100,ask,EarnestEspressos,DiligentDonuts,13182594
2026-07-09T06:04:24.877133,2026-07-09T06:04:24.886421+00:00,119.5,11,bid,Xuanyu Liu,EarnestEspressos,13182618
2026-07-09T06:04:25.072084,2026-07-09T06:04:25.080110+00:00,119.0,36,ask,EarnestEspressos,FlawlessFlatbreads,13182620
2026-07-09T06:04:25.235263,2026-07-09T06:04:25.251060+00:00,119.5,42,bid,CostlyCorianders,EarnestEspressos,13182629
2026-07-09T06:04:25.598068,2026-07-09T06:04:25.607577+00:00,119.2,3,bid,Xuanyu Liu,EarnestEspressos,13182634
2026-07-09T06:04:25.672841,2026-07-09T06:04:25.683558+00:00,119.2,20,bid,Heero Sipayung,EarnestEspressos,13182637
2026-07-09T06:04:25.695918,2026-07-09T06:04:25.706030+00:00,119.2,20,bid,Heero Sipayung,EarnestEspressos,13182639
2026-07-09T06:04:25.751434,2026-07-09T06:04:25.747238+00:00,119.2,20,bid,Heero Sipayung,EarnestEspressos,13182641
2026-07-09T06:04:25.787270,2026-07-09T06:04:25.795574+00:00,119.2,20,bid,Heero Sipayung,EarnestEspressos,13182643
2026-07-09T06:04:25.817976,2026-07-09T06:04:25.824575+00:00,119.2,20,bid,Heero Sipayung,EarnestEspressos,13182645
2026-07-09T06:04:25.841621,2026-07-09T06:04:25.850484+00:00,119.2,20,bid,Heero Sipayung,EarnestEspressos,13182647
2026-07-09T06:04:25.866473,2026-07-09T06:04:25.874931+00:00,119.2,20,bid,Heero Sipayung,EarnestEspressos,13182649
2026-07-09T06:04:25.900466,2026-07-09T06:04:25.907044+00:00,119.2,7,bid,Heero Sipayung,EarnestEspressos,13182654
2026-07-09T06:04:27.178540,2026-07-09T06:04:27.181119+00:00,119.0,50,ask,DiligentDonuts,FlawlessFlatbreads,13182670
2026-07-09T06:04:28.355549,2026-07-09T06:04:28.358569+00:00,119.0,47,ask,DiligentDonuts,CostlyCorianders,13182686
2026-07-09T06:04:29.130212,2026-07-09T06:04:29.138325+00:00,119.2,88,ask,EarnestEspressos,Thomas Lee,13182701
2026-07-09T06:04:30.028206,2026-07-09T06:04:30.037747+00:00,119.3,49,bid,CostlyCorianders,DiligentDonuts,13182711
2026-07-09T06:04:30.083549,2026-07-09T06:04:30.095629+00:00,119.2,44,ask,EarnestEspressos,CostlyCorianders,13182714
2026-07-09T06:04:30.606293,2026-07-09T06:04:30.617133+00:00,119.3,20,bid,Heero Sipayung,DiligentDonuts,13182723
2026-07-09T06:04:30.610904,2026-07-09T06:04:30.622366+00:00,119.2,18,ask,EarnestEspressos,CostlyCorianders,13182724
2026-07-09T06:04:30.657182,2026-07-09T06:04:30.668966+00:00,119.3,20,bid,Heero Sipayung,DiligentDonuts,13182726
2026-07-09T06:04:30.681152,2026-07-09T06:04:30.692064+00:00,119.3,11,bid,Heero Sipayung,DiligentDonuts,13182728
2026-07-09T06:04:31.340324,2026-07-09T06:04:31.352504+00:00,119.7,50,bid,FlawlessFlatbreads,EarnestEspressos,13182734
2026-07-09T06:04:32.543717,2026-07-09T06:04:32.548499+00:00,119.4,48,bid,CostlyCorianders,EarnestEspressos,13182747
2026-07-09T06:04:33.447748,2026-07-09T06:04:33.469024+00:00,119.4,50,bid,FlawlessFlatbreads,EarnestEspressos,13182758
2026-07-09T06:04:35.574424,2026-07-09T06:04:35.584962+00:00,119.5,50,bid,FlawlessFlatbreads,DiligentDonuts,13182788
2026-07-09T06:04:35.632247,2026-07-09T06:04:35.644519+00:00,119.2,40,ask,EarnestEspressos,CostlyCorianders,13182789
2026-07-09T06:04:36.716446,2026-07-09T06:04:36.725482+00:00,119.7,41,bid,CostlyCorianders,EarnestEspressos,13182810
2026-07-09T06:04:37.213259,2026-07-09T06:04:37.221326+00:00,119.2,48,ask,EarnestEspressos,CostlyCorianders,13182822
2026-07-09T06:04:37.763187,2026-07-09T06:04:37.774752+00:00,119.2,50,ask,EarnestEspressos,FlawlessFlatbreads,13182826
2026-07-09T06:04:39.870897,2026-07-09T06:04:39.883006+00:00,119.4,50,ask,DiligentDonuts,FlawlessFlatbreads,13182863
2026-07-09T06:04:40.064930,2026-07-09T06:04:40.075901+00:00,119.4,43,ask,DiligentDonuts,CostlyCorianders,13182865
2026-07-09T06:04:41.152302,2026-07-09T06:04:41.163645+00:00,119.4,7,ask,DiligentDonuts,Thomas Lee,13182881
2026-07-09T06:04:41.600262,2026-07-09T06:04:41.608094+00:00,119.4,44,bid,CostlyCorianders,EarnestEspressos,13182888
2026-07-09T06:04:41.927534,2026-07-09T06:04:41.939894+00:00,119.4,50,bid,FlawlessFlatbreads,EarnestEspressos,13182898
2026-07-09T06:04:44.162632,2026-07-09T06:04:44.169559+00:00,119.4,18,bid,Thomas Lee,EarnestEspressos,13182916
2026-07-09T06:04:46.231219,2026-07-09T06:04:46.247706+00:00,119.3,50,ask,EarnestEspressos,FlawlessFlatbreads,13182955
2026-07-09T06:04:47.182524,2026-07-09T06:04:47.189719+00:00,119.3,11,ask,EarnestEspressos,Thomas Lee,13182969
2026-07-09T06:04:47.832247,2026-07-09T06:04:47.843987+00:00,119.0,49,ask,EarnestEspressos,CostlyCorianders,13182985
2026-07-09T06:04:48.287555,2026-07-09T06:04:48.296646+00:00,119.4,50,bid,FlawlessFlatbreads,DiligentDonuts,13182995
2026-07-09T06:04:48.723638,2026-07-09T06:04:48.735690+00:00,119.5,45,bid,CostlyCorianders,EarnestEspressos,13182999
2026-07-09T06:04:52.456586,2026-07-09T06:04:52.458551+00:00,119.2,49,ask,DiligentDonuts,CostlyCorianders,13183051
2026-07-09T06:04:52.579107,2026-07-09T06:04:52.591063+00:00,119.2,50,ask,DiligentDonuts,FlawlessFlatbreads,13183052
2026-07-09T06:04:54.699706,2026-07-09T06:04:54.713699+00:00,119.2,1,ask,DiligentDonuts,FlawlessFlatbreads,13183083
2026-07-09T06:04:54.699706,2026-07-09T06:04:54.713699+00:00,119.1,49,ask,EarnestEspressos,FlawlessFlatbreads,13183084
2026-07-09T06:04:56.618286,2026-07-09T06:04:56.630073+00:00,119.4,46,bid,CostlyCorianders,DiligentDonuts,13183109
2026-07-09T06:04:56.810833,2026-07-09T06:04:56.823120+00:00,119.1,50,ask,EarnestEspressos,FlawlessFlatbreads,13183115
2026-07-09T06:04:57.294506,2026-07-09T06:04:57.304940+00:00,119.2,2,bid,Heero Sipayung,EarnestEspressos,13183122
2026-07-09T06:04:57.702234,2026-07-09T06:04:57.714553+00:00,119.2,43,bid,CostlyCorianders,EarnestEspressos,13183125
2026-07-09T06:04:58.793874,2026-07-09T06:04:58.802393+00:00,118.9,41,ask,DiligentDonuts,CostlyCorianders,13183139
2026-07-09T06:04:58.939881,2026-07-09T06:04:58.947406+00:00,118.9,50,ask,DiligentDonuts,FlawlessFlatbreads,13183144
2026-07-09T06:04:59.199100,2026-07-09T06:04:59.211268+00:00,119.2,71,bid,Thomas Lee,EarnestEspressos,13183153
2026-07-09T06:05:01.047574,2026-07-09T06:05:01.059917+00:00,119.2,50,ask,EarnestEspressos,FlawlessFlatbreads,13183177
2026-07-09T06:05:02.218674,2026-07-09T06:05:02.230321+00:00,119.2,57,ask,EarnestEspressos,Thomas Lee,13183186
2026-07-09T06:05:02.249570,2026-07-09T06:05:02.258619+00:00,119.3,43,bid,CostlyCorianders,DiligentDonuts,13183187
2026-07-09T06:05:03.156854,2026-07-09T06:05:03.169260+00:00,119.2,43,ask,EarnestEspressos,FlawlessFlatbreads,13183205
2026-07-09T06:05:03.156854,2026-07-09T06:05:03.169260+00:00,118.8,7,ask,DiligentDonuts,FlawlessFlatbreads,13183206
2026-07-09T06:05:03.199062,2026-07-09T06:05:03.206035+00:00,118.8,46,ask,DiligentDonuts,CostlyCorianders,13183207
2026-07-09T06:05:03.599725,2026-07-09T06:05:03.609309+00:00,119.2,3,bid,Xuanyu Liu,EarnestEspressos,13183211
2026-07-09T06:05:04.398771,2026-07-09T06:05:04.411384+00:00,119.2,45,bid,CostlyCorianders,EarnestEspressos,13183228
2026-07-09T06:05:05.227087,2026-07-09T06:05:05.239448+00:00,119.2,74,bid,Thomas Lee,EarnestEspressos,13183241
2026-07-09T06:05:05.268055,2026-07-09T06:05:05.279836+00:00,118.9,50,ask,DiligentDonuts,FlawlessFlatbreads,13183243
2026-07-09T06:05:05.907300,2026-07-09T06:05:05.919564+00:00,119.2,28,bid,CostlyCorianders,EarnestEspressos,13183248
2026-07-09T06:05:05.907300,2026-07-09T06:05:05.919564+00:00,119.4,16,bid,CostlyCorianders,DiligentDonuts,13183249
2026-07-09T06:05:07.324011,2026-07-09T06:05:07.334257+00:00,119.4,50,bid,FlawlessFlatbreads,DiligentDonuts,13183264
2026-07-09T06:05:07.628723,2026-07-09T06:05:07.640839+00:00,119.2,100,ask,EarnestEspressos,DiligentDonuts,13183271
2026-07-09T06:05:08.535270,2026-07-09T06:05:08.546055+00:00,119.2,3,ask,EarnestEspressos,Xuanyu Liu,13183278
2026-07-09T06:05:09.480852,2026-07-09T06:05:09.492220+00:00,119.2,47,ask,EarnestEspressos,FlawlessFlatbreads,13183285
2026-07-09T06:05:09.480852,2026-07-09T06:05:09.492220+00:00,118.7,3,ask,DiligentDonuts,FlawlessFlatbreads,13183286
2026-07-09T06:05:09.921905,2026-07-09T06:05:09.931699+00:00,118.9,3,bid,Xuanyu Liu,EarnestEspressos,13183295
2026-07-09T06:05:11.556650,2026-07-09T06:05:11.568709+00:00,118.8,48,ask,DiligentDonuts,CostlyCorianders,13183321
2026-07-09T06:05:11.592942,2026-07-09T06:05:11.605330+00:00,118.8,50,ask,DiligentDonuts,FlawlessFlatbreads,13183322
2026-07-09T06:05:12.611784,2026-07-09T06:05:12.624260+00:00,118.9,11,bid,Xuanyu Liu,EarnestEspressos,13183346
2026-07-09T06:05:13.651466,2026-07-09T06:05:13.663815+00:00,119.0,50,bid,FlawlessFlatbreads,EarnestEspressos,13183357
2026-07-09T06:05:15.233031,2026-07-09T06:05:15.242291+00:00,119.0,12,bid,Xuanyu Liu,EarnestEspressos,13183400
2026-07-09T06:05:15.760015,2026-07-09T06:05:15.770495+00:00,119.0,50,bid,FlawlessFlatbreads,EarnestEspressos,13183405
2026-07-09T06:05:16.182780,2026-07-09T06:05:16.194762+00:00,119.2,100,bid,EarnestEspressos,DiligentDonuts,13183414
2026-07-09T06:05:17.003982,2026-07-09T06:05:17.013790+00:00,119.2,12,ask,EarnestEspressos,Xuanyu Liu,13183430
2026-07-09T06:05:19.643082,2026-07-09T06:05:19.658565+00:00,119.4,49,bid,CostlyCorianders,EarnestEspressos,13183473
2026-07-09T06:05:20.021749,2026-07-09T06:05:20.031674+00:00,119.2,50,ask,DiligentDonuts,FlawlessFlatbreads,13183477
2026-07-09T06:05:20.252572,2026-07-09T06:05:20.264443+00:00,119.4,16,bid,Thomas Lee,EarnestEspressos,13183479
2026-07-09T06:05:21.802988,2026-07-09T06:05:21.813085+00:00,119.3,14,ask,DiligentDonuts,Xuanyu Liu,13183509
2026-07-09T06:05:22.128638,2026-07-09T06:05:22.140427+00:00,119.3,50,ask,DiligentDonuts,FlawlessFlatbreads,13183516
2026-07-09T06:05:22.577994,2026-07-09T06:05:22.585056+00:00,119.3,36,ask,DiligentDonuts,EarnestEspressos,13183521
2026-07-09T06:05:23.459499,2026-07-09T06:05:23.470400+00:00,119.2,3,bid,Xuanyu Liu,DiligentDonuts,13183534
2026-07-09T06:05:24.185292,2026-07-09T06:05:24.197534+00:00,119.2,50,bid,FlawlessFlatbreads,DiligentDonuts,13183543
2026-07-09T06:05:25.689933,2026-07-09T06:05:25.701917+00:00,119.2,47,bid,EarnestEspressos,DiligentDonuts,13183558
2026-07-09T06:05:25.718858,2026-07-09T06:05:25.729894+00:00,119.2,44,ask,EarnestEspressos,CostlyCorianders,13183559
2026-07-09T06:05:26.299008,2026-07-09T06:05:26.310737+00:00,119.7,50,bid,FlawlessFlatbreads,EarnestEspressos,13183572
2026-07-09T06:05:28.407511,2026-07-09T06:05:28.419470+00:00,119.7,50,bid,FlawlessFlatbreads,EarnestEspressos,13183599
2026-07-09T06:05:29.399567,2026-07-09T06:05:29.411753+00:00,119.7,47,bid,CostlyCorianders,DiligentDonuts,13183609
2026-07-09T06:05:30.396510,2026-07-09T06:05:30.408497+00:00,119.3,41,ask,EarnestEspressos,CostlyCorianders,13183625
2026-07-09T06:05:30.515039,2026-07-09T06:05:30.527072+00:00,119.8,50,bid,FlawlessFlatbreads,EarnestEspressos,13183628
2026-07-09T06:05:31.038104,2026-07-09T06:05:31.049242+00:00,119.3,46,ask,EarnestEspressos,CostlyCorianders,13183636
2026-07-09T06:05:32.295453,2026-07-09T06:05:32.305544+00:00,119.4,16,ask,EarnestEspressos,Thomas Lee,13183651
2026-07-09T06:05:32.624810,2026-07-09T06:05:32.636779+00:00,119.8,50,bid,FlawlessFlatbreads,DiligentDonuts,13183653
2026-07-09T06:05:33.031560,2026-07-09T06:05:33.043599+00:00,119.6,49,ask,DiligentDonuts,CostlyCorianders,13183660
2026-07-09T06:05:35.306915,2026-07-09T06:05:35.315950+00:00,119.6,51,ask,DiligentDonuts,Thomas Lee,13183688
2026-07-09T06:05:35.563778,2026-07-09T06:05:35.576021+00:00,119.8,47,bid,CostlyCorianders,EarnestEspressos,13183692
2026-07-09T06:05:36.576619,2026-07-09T06:05:36.586597+00:00,119.8,43,bid,CostlyCorianders,EarnestEspressos,13183698
2026-07-09T06:05:36.887965,2026-07-09T06:05:36.897224+00:00,119.4,50,ask,DiligentDonuts,FlawlessFlatbreads,13183699
2026-07-09T06:05:37.512278,2026-07-09T06:05:37.521951+00:00,119.8,42,bid,CostlyCorianders,EarnestEspressos,13183714
2026-07-09T06:05:38.470455,2026-07-09T06:05:38.481637+00:00,120.0,3,ask,EarnestEspressos,Xuanyu Liu,13183728
2026-07-09T06:05:38.692758,2026-07-09T06:05:38.704850+00:00,120.0,40,ask,EarnestEspressos,CostlyCorianders,13183732
2026-07-09T06:05:39.262463,2026-07-09T06:05:39.275048+00:00,120.0,7,ask,EarnestEspressos,DiligentDonuts,13183743
2026-07-09T06:05:40.841601,2026-07-09T06:05:40.853607+00:00,119.5,46,ask,DiligentDonuts,CostlyCorianders,13183763
2026-07-09T06:05:41.049276,2026-07-09T06:05:41.056246+00:00,120.0,50,bid,FlawlessFlatbreads,DiligentDonuts,13183765
2026-07-09T06:05:41.620888,2026-07-09T06:05:41.628424+00:00,119.5,54,ask,DiligentDonuts,EarnestEspressos,13183782
2026-07-09T06:05:43.208530,2026-07-09T06:05:43.220781+00:00,119.2,50,ask,DiligentDonuts,FlawlessFlatbreads,13183796
2026-07-09T06:05:43.695544,2026-07-09T06:05:43.706815+00:00,119.5,3,bid,Xuanyu Liu,EarnestEspressos,13183803
2026-07-09T06:05:44.400068,2026-07-09T06:05:44.411099+00:00,119.5,17,bid,Thomas Lee,EarnestEspressos,13183811
2026-07-09T06:05:47.402396,2026-07-09T06:05:47.411710+00:00,119.5,50,bid,FlawlessFlatbreads,DiligentDonuts,13183852
2026-07-09T06:05:47.419026,2026-07-09T06:05:47.427102+00:00,119.5,35,bid,Thomas Lee,DiligentDonuts,13183853
2026-07-09T06:05:47.699201,2026-07-09T06:05:47.707324+00:00,119.5,15,bid,CostlyCorianders,DiligentDonuts,13183861
2026-07-09T06:05:47.699201,2026-07-09T06:05:47.712701+00:00,119.7,33,bid,CostlyCorianders,EarnestEspressos,13183862
2026-07-09T06:05:50.465304,2026-07-09T06:05:50.474069+00:00,119.5,74,ask,EarnestEspressos,Thomas Lee,13183891
2026-07-09T06:05:51.669744,2026-07-09T06:05:51.680698+00:00,119.3,50,ask,DiligentDonuts,FlawlessFlatbreads,13183913
2026-07-09T06:05:53.427388,2026-07-09T06:05:53.439580+00:00,119.2,44,ask,EarnestEspressos,CostlyCorianders,13183941
2026-07-09T06:05:53.947056,2026-07-09T06:05:53.958580+00:00,119.7,45,bid,CostlyCorianders,EarnestEspressos,13183952
2026-07-09T06:05:55.903575,2026-07-09T06:05:55.920226+00:00,119.2,50,ask,EarnestEspressos,FlawlessFlatbreads,13183989
2026-07-09T06:05:57.959747,2026-07-09T06:05:57.969326+00:00,119.6,50,bid,FlawlessFlatbreads,DiligentDonuts,13184010
2026-07-09T06:05:59.479501,2026-07-09T06:05:59.487522+00:00,119.7,89,bid,Thomas Lee,EarnestEspressos,13184030
2026-07-09T06:06:00.070221,2026-07-09T06:06:00.080289+00:00,119.7,50,bid,FlawlessFlatbreads,EarnestEspressos,13184040
2026-07-09T06:06:01.086900,2026-07-09T06:06:01.098848+00:00,119.8,44,ask,EarnestEspressos,CostlyCorianders,13184049
2026-07-09T06:06:02.184806,2026-07-09T06:06:02.192871+00:00,119.8,43,ask,EarnestEspressos,CostlyCorianders,13184060
2026-07-09T06:06:02.569871,2026-07-09T06:06:02.584227+00:00,119.8,3,ask,EarnestEspressos,Xuanyu Liu,13184066
2026-07-09T06:06:03.189841,2026-07-09T06:06:03.201480+00:00,120.2,43,bid,CostlyCorianders,DiligentDonuts,13184074
2026-07-09T06:06:03.768244,2026-07-09T06:06:03.779384+00:00,119.7,100,ask,DiligentDonuts,EarnestEspressos,13184084
2026-07-09T06:06:04.324110,2026-07-09T06:06:04.335156+00:00,119.6,3,bid,Xuanyu Liu,EarnestEspressos,13184091
2026-07-09T06:06:05.159585,2026-07-09T06:06:05.170051+00:00,119.6,11,bid,Xuanyu Liu,EarnestEspressos,13184101
2026-07-09T06:06:05.495846,2026-07-09T06:06:05.507986+00:00,119.6,13,bid,Thomas Lee,EarnestEspressos,13184111
2026-07-09T06:06:06.896388,2026-07-09T06:06:06.906291+00:00,119.7,11,ask,EarnestEspressos,Xuanyu Liu,13184142
2026-07-09T06:06:07.691602,2026-07-09T06:06:07.703581+00:00,119.7,43,ask,EarnestEspressos,CostlyCorianders,13184157
2026-07-09T06:06:08.328777,2026-07-09T06:06:08.341349+00:00,119.9,43,bid,CostlyCorianders,DiligentDonuts,13184167
2026-07-09T06:06:08.516670,2026-07-09T06:06:08.525615+00:00,119.7,96,ask,EarnestEspressos,Thomas Lee,13184170
2026-07-09T06:06:08.959268,2026-07-09T06:06:08.967290+00:00,119.9,49,bid,CostlyCorianders,DiligentDonuts,13184177
2026-07-09T06:06:10.732232,2026-07-09T06:06:10.744403+00:00,119.4,50,ask,DiligentDonuts,FlawlessFlatbreads,13184206
2026-07-09T06:06:10.871130,2026-07-09T06:06:10.883228+00:00,119.7,100,bid,DiligentDonuts,EarnestEspressos,13184207
2026-07-09T06:06:10.978630,2026-07-09T06:06:10.990527+00:00,119.7,42,bid,CostlyCorianders,EarnestEspressos,13184211
2026-07-09T06:06:11.455235,2026-07-09T06:06:11.467253+00:00,119.2,48,ask,EarnestEspressos,CostlyCorianders,13184213
2026-07-09T06:06:11.757095,2026-07-09T06:06:11.766639+00:00,119.7,8,bid,Xuanyu Liu,EarnestEspressos,13184218
2026-07-09T06:06:12.789602,2026-07-09T06:06:12.799541+00:00,120.2,50,bid,FlawlessFlatbreads,DiligentDonuts,13184235
2026-07-09T06:06:14.871269,2026-07-09T06:06:14.883920+00:00,120.1,41,bid,CostlyCorianders,DiligentDonuts,13184256
2026-07-09T06:06:15.765153,2026-07-09T06:06:15.777123+00:00,119.7,41,ask,EarnestEspressos,CostlyCorianders,13184271
2026-07-09T06:06:16.837867,2026-07-09T06:06:16.846448+00:00,120.0,44,bid,CostlyCorianders,EarnestEspressos,13184279
2026-07-09T06:06:16.892243,2026-07-09T06:06:16.904553+00:00,119.6,44,ask,DiligentDonuts,CostlyCorianders,13184280
2026-07-09T06:06:17.085325,2026-07-09T06:06:17.095624+00:00,119.6,50,ask,DiligentDonuts,FlawlessFlatbreads,13184285
2026-07-09T06:06:17.388855,2026-07-09T06:06:17.400752+00:00,119.9,44,bid,CostlyCorianders,DiligentDonuts,13184290
2026-07-09T06:06:19.140254,2026-07-09T06:06:19.147152+00:00,119.9,50,bid,FlawlessFlatbreads,DiligentDonuts,13184315
2026-07-09T06:06:21.252502,2026-07-09T06:06:21.257619+00:00,120.2,50,bid,FlawlessFlatbreads,DiligentDonuts,13184357
2026-07-09T06:06:23.384355,2026-07-09T06:06:23.393213+00:00,120.2,50,bid,FlawlessFlatbreads,DiligentDonuts,13184384
2026-07-09T06:06:23.544359,2026-07-09T06:06:23.569000+00:00,120.1,8,ask,DiligentDonuts,Xuanyu Liu,13184386
2026-07-09T06:06:23.550153,2026-07-09T06:06:23.569000+00:00,120.1,4,ask,DiligentDonuts,Thomas Lee,13184387
2026-07-09T06:06:25.491578,2026-07-09T06:06:25.503354+00:00,120.4,50,bid,FlawlessFlatbreads,EarnestEspressos,13184410
2026-07-09T06:06:25.961757,2026-07-09T06:06:25.974073+00:00,120.1,40,ask,DiligentDonuts,CostlyCorianders,13184416
2026-07-09T06:06:26.582297,2026-07-09T06:06:26.589620+00:00,120.1,44,ask,DiligentDonuts,CostlyCorianders,13184431
2026-07-09T06:06:26.799768,2026-07-09T06:06:26.816182+00:00,120.1,3,ask,EarnestEspressos,Xuanyu Liu,13184441
2026-07-09T06:06:27.221053,2026-07-09T06:06:27.233124+00:00,120.4,48,bid,CostlyCorianders,DiligentDonuts,13184443
2026-07-09T06:06:27.603287,2026-07-09T06:06:27.610413+00:00,120.4,50,bid,FlawlessFlatbreads,DiligentDonuts,13184452
2026-07-09T06:06:29.710885,2026-07-09T06:06:29.722855+00:00,120.4,2,bid,FlawlessFlatbreads,DiligentDonuts,13184475
2026-07-09T06:06:29.710885,2026-07-09T06:06:29.722855+00:00,120.5,48,bid,FlawlessFlatbreads,EarnestEspressos,13184476
2026-07-09T06:06:30.626982,2026-07-09T06:06:30.636168+00:00,120.1,43,ask,DiligentDonuts,CostlyCorianders,13184481
2026-07-09T06:06:31.182909,2026-07-09T06:06:31.193471+00:00,120.1,41,ask,DiligentDonuts,CostlyCorianders,13184493
2026-07-09T06:06:31.693164,2026-07-09T06:06:31.703235+00:00,120.5,41,bid,CostlyCorianders,EarnestEspressos,13184499
2026-07-09T06:06:32.675781,2026-07-09T06:06:32.686550+00:00,120.2,40,ask,EarnestEspressos,CostlyCorianders,13184514
2026-07-09T06:06:33.978773,2026-07-09T06:06:33.987884+00:00,120.2,50,ask,EarnestEspressos,FlawlessFlatbreads,13184532
2026-07-09T06:06:34.112620,2026-07-09T06:06:34.121883+00:00,120.2,14,ask,EarnestEspressos,Xuanyu Liu,13184534
2026-07-09T06:06:34.167279,2026-07-09T06:06:34.178914+00:00,120.2,20,ask,EarnestEspressos,Heero Sipayung,13184537
2026-07-09T06:06:34.189221,2026-07-09T06:06:34.201264+00:00,120.2,20,ask,EarnestEspressos,Heero Sipayung,13184539
2026-07-09T06:06:34.211322,2026-07-09T06:06:34.223175+00:00,120.2,6,ask,EarnestEspressos,Heero Sipayung,13184541
2026-07-09T06:06:34.261491,2026-07-09T06:06:34.273842+00:00,119.9,14,ask,DiligentDonuts,Heero Sipayung,13184544
2026-07-09T06:06:35.473547,2026-07-09T06:06:35.485995+00:00,119.9,86,ask,DiligentDonuts,EarnestEspressos,13184567
2026-07-09T06:06:35.487268,2026-07-09T06:06:35.498566+00:00,119.9,14,bid,Xuanyu Liu,EarnestEspressos,13184568
2026-07-09T06:06:36.259024,2026-07-09T06:06:36.270840+00:00,119.8,20,bid,Heero Sipayung,DiligentDonuts,13184583
2026-07-09T06:06:36.280349,2026-07-09T06:06:36.290930+00:00,119.8,20,bid,Heero Sipayung,DiligentDonuts,13184585
2026-07-09T06:06:36.304743,2026-07-09T06:06:36.316563+00:00,119.8,20,bid,Heero Sipayung,DiligentDonuts,13184587
2026-07-09T06:06:36.680221,2026-07-09T06:06:36.689402+00:00,119.8,40,bid,CostlyCorianders,DiligentDonuts,13184599
2026-07-09T06:06:36.680221,2026-07-09T06:06:36.689402+00:00,119.9,2,bid,CostlyCorianders,EarnestEspressos,13184600
2026-07-09T06:06:37.353954,2026-07-09T06:06:37.366342+00:00,119.4,45,ask,EarnestEspressos,CostlyCorianders,13184612
2026-07-09T06:06:38.138363,2026-07-09T06:06:38.150358+00:00,119.9,48,bid,FlawlessFlatbreads,EarnestEspressos,13184629
2026-07-09T06:06:38.804042,2026-07-09T06:06:38.815953+00:00,120.1,43,bid,CostlyCorianders,EarnestEspressos,13184640
2026-07-09T06:06:40.246844,2026-07-09T06:06:40.254303+00:00,119.8,50,bid,FlawlessFlatbreads,DiligentDonuts,13184657
2026-07-09T06:06:40.652412,2026-07-09T06:06:40.658585+00:00,119.6,43,ask,EarnestEspressos,CostlyCorianders,13184665
2026-07-09T06:06:41.585540,2026-07-09T06:06:41.595221+00:00,119.6,28,ask,EarnestEspressos,Thomas Lee,13184672
2026-07-09T06:06:44.471956,2026-07-09T06:06:44.481168+00:00,119.9,50,bid,FlawlessFlatbreads,EarnestEspressos,13184714
2026-07-09T06:06:45.704123,2026-07-09T06:06:45.711963+00:00,119.7,42,ask,EarnestEspressos,CostlyCorianders,13184729
2026-07-09T06:06:46.631858,2026-07-09T06:06:46.643732+00:00,119.7,50,ask,EarnestEspressos,FlawlessFlatbreads,13184733
2026-07-09T06:06:47.304414,2026-07-09T06:06:47.313688+00:00,119.7,14,ask,EarnestEspressos,Xuanyu Liu,13184744
2026-07-09T06:06:47.364763,2026-07-09T06:06:47.372612+00:00,119.7,20,ask,EarnestEspressos,Heero Sipayung,13184747
2026-07-09T06:06:47.398325,2026-07-09T06:06:47.410191+00:00,119.7,20,ask,EarnestEspressos,Heero Sipayung,13184749
2026-07-09T06:06:48.147009,2026-07-09T06:06:48.156918+00:00,119.4,14,bid,Xuanyu Liu,EarnestEspressos,13184769
2026-07-09T06:06:48.745815,2026-07-09T06:06:48.763866+00:00,119.3,50,ask,DiligentDonuts,FlawlessFlatbreads,13184776
2026-07-09T06:06:49.364754,2026-07-09T06:06:49.373957+00:00,119.4,49,bid,CostlyCorianders,EarnestEspressos,13184785
2026-07-09T06:06:49.959448,2026-07-09T06:06:49.969678+00:00,119.4,20,bid,Heero Sipayung,EarnestEspressos,13184795
2026-07-09T06:06:49.982325,2026-07-09T06:06:49.992996+00:00,119.4,20,bid,Heero Sipayung,EarnestEspressos,13184797
2026-07-09T06:06:50.006396,2026-07-09T06:06:50.016918+00:00,119.4,4,bid,Heero Sipayung,EarnestEspressos,13184799
2026-07-09T06:06:50.650437,2026-07-09T06:06:50.658547+00:00,119.4,43,bid,Thomas Lee,EarnestEspressos,13184804
2026-07-09T06:06:50.662393,2026-07-09T06:06:50.674144+00:00,119.5,5,bid,Thomas Lee,DiligentDonuts,13184806
2026-07-09T06:06:50.854702,2026-07-09T06:06:50.858582+00:00,119.1,50,ask,DiligentDonuts,FlawlessFlatbreads,13184809
2026-07-09T06:06:51.244609,2026-07-09T06:06:51.254275+00:00,119.5,95,bid,EarnestEspressos,DiligentDonuts,13184818
2026-07-09T06:06:51.514620,2026-07-09T06:06:51.526772+00:00,119.7,44,ask,EarnestEspressos,CostlyCorianders,13184819
2026-07-09T06:06:52.098832,2026-07-09T06:06:52.110692+00:00,120.0,47,bid,CostlyCorianders,DiligentDonuts,13184824
2026-07-09T06:06:52.621157,2026-07-09T06:06:52.629070+00:00,120.0,43,bid,CostlyCorianders,DiligentDonuts,13184841
2026-07-09T06:06:52.963603,2026-07-09T06:06:52.975625+00:00,119.7,11,ask,EarnestEspressos,FlawlessFlatbreads,13184846
2026-07-09T06:06:52.963603,2026-07-09T06:06:52.975625+00:00,119.5,39,ask,DiligentDonuts,FlawlessFlatbreads,13184847
2026-07-09T06:06:55.072938,2026-07-09T06:06:55.084977+00:00,119.5,50,ask,DiligentDonuts,FlawlessFlatbreads,13184879
2026-07-09T06:06:55.901415,2026-07-09T06:06:55.912971+00:00,119.7,48,bid,CostlyCorianders,EarnestEspressos,13184885
2026-07-09T06:06:56.688972,2026-07-09T06:06:56.698147+00:00,119.5,70,ask,DiligentDonuts,Thomas Lee,13184895
2026-07-09T06:06:56.693369,2026-07-09T06:06:56.703168+00:00,119.7,5,bid,Thomas Lee,EarnestEspressos,13184896
2026-07-09T06:06:57.183062,2026-07-09T06:06:57.191247+00:00,119.5,30,ask,DiligentDonuts,FlawlessFlatbreads,13184902
2026-07-09T06:06:57.183062,2026-07-09T06:06:57.196428+00:00,119.2,20,ask,EarnestEspressos,FlawlessFlatbreads,13184903
2026-07-09T06:06:57.951307,2026-07-09T06:06:57.958168+00:00,119.2,41,ask,EarnestEspressos,CostlyCorianders,13184911
2026-07-09T06:06:59.292347,2026-07-09T06:06:59.302369+00:00,119.2,50,ask,EarnestEspressos,FlawlessFlatbreads,13184930
2026-07-09T06:06:59.701567,2026-07-09T06:06:59.710535+00:00,119.6,5,bid,Thomas Lee,DiligentDonuts,13184935
2026-07-09T06:07:00.808598,2026-07-09T06:07:00.819182+00:00,119.2,3,bid,Xuanyu Liu,EarnestEspressos,13184949
2026-07-09T06:07:02.355428,2026-07-09T06:07:02.367282+00:00,119.0,40,ask,DiligentDonuts,CostlyCorianders,13184960
2026-07-09T06:07:02.605990,2026-07-09T06:07:02.615250+00:00,119.2,11,bid,Xuanyu Liu,EarnestEspressos,13184964
2026-07-09T06:07:02.711952,2026-07-09T06:07:02.721218+00:00,119.2,103,bid,Thomas Lee,EarnestEspressos,13184968
2026-07-09T06:07:02.721346,2026-07-09T06:07:02.731461+00:00,119.2,5,bid,Thomas Lee,EarnestEspressos,13184970
2026-07-09T06:07:04.393217,2026-07-09T06:07:04.403318+00:00,119.2,11,ask,EarnestEspressos,Xuanyu Liu,13184985
2026-07-09T06:07:05.612216,2026-07-09T06:07:05.624371+00:00,119.2,50,ask,EarnestEspressos,FlawlessFlatbreads,13185004
2026-07-09T06:07:05.736641,2026-07-09T06:07:05.747622+00:00,119.2,71,ask,EarnestEspressos,Thomas Lee,13185006
2026-07-09T06:07:05.741898,2026-07-09T06:07:05.753011+00:00,119.3,5,bid,Thomas Lee,DiligentDonuts,13185007
2026-07-09T06:07:07.459603,2026-07-09T06:07:07.469720+00:00,118.9,11,bid,Xuanyu Liu,EarnestEspressos,13185029
2026-07-09T06:07:07.723667,2026-07-09T06:07:07.736201+00:00,118.8,50,ask,DiligentDonuts,FlawlessFlatbreads,13185033
2026-07-09T06:07:07.842367,2026-07-09T06:07:07.858610+00:00,118.9,48,bid,CostlyCorianders,EarnestEspressos,13185034
2026-07-09T06:07:08.750284,2026-07-09T06:07:08.758542+00:00,118.9,70,bid,Thomas Lee,EarnestEspressos,13185046
2026-07-09T06:07:08.758670,2026-07-09T06:07:08.770235+00:00,118.9,5,bid,Thomas Lee,EarnestEspressos,13185048
2026-07-09T06:07:09.835800,2026-07-09T06:07:09.845480+00:00,118.6,50,ask,DiligentDonuts,FlawlessFlatbreads,13185063
2026-07-09T06:07:11.766021,2026-07-09T06:07:11.778078+00:00,119.2,9,bid,Thomas Lee,DiligentDonuts,13185088
2026-07-09T06:07:11.777644,2026-07-09T06:07:11.788708+00:00,119.2,5,bid,Thomas Lee,DiligentDonuts,13185090
2026-07-09T06:07:11.942838,2026-07-09T06:07:11.958574+00:00,119.0,50,ask,EarnestEspressos,FlawlessFlatbreads,13185092
2026-07-09T06:07:12.050207,2026-07-09T06:07:12.061942+00:00,119.0,41,ask,EarnestEspressos,CostlyCorianders,13185095
2026-07-09T06:07:13.992660,2026-07-09T06:07:14.000328+00:00,119.2,41,bid,CostlyCorianders,DiligentDonuts,13185116
2026-07-09T06:07:14.001602,2026-07-09T06:07:14.010766+00:00,119.2,45,bid,FlawlessFlatbreads,DiligentDonuts,13185118
2026-07-09T06:07:14.001602,2026-07-09T06:07:14.010766+00:00,119.2,5,bid,Thomas Lee,EarnestEspressos,13185119
2026-07-09T06:07:14.785972,2026-07-09T06:07:14.797766+00:00,119.2,5,bid,FlawlessFlatbreads,EarnestEspressos,13185124
2026-07-09T06:07:15.892622,2026-07-09T06:07:15.899640+00:00,118.7,40,ask,EarnestEspressos,CostlyCorianders,13185138
2026-07-09T06:07:16.159911,2026-07-09T06:07:16.168919+00:00,118.7,50,ask,EarnestEspressos,FlawlessFlatbreads,13185139
2026-07-09T06:07:17.800114,2026-07-09T06:07:17.810196+00:00,118.9,2,ask,DiligentDonuts,Thomas Lee,13185178
2026-07-09T06:07:17.805580,2026-07-09T06:07:17.815401+00:00,119.0,5,bid,Thomas Lee,EarnestEspressos,13185179
2026-07-09T06:07:18.244488,2026-07-09T06:07:18.258569+00:00,119.0,50,bid,FlawlessFlatbreads,EarnestEspressos,13185183
2026-07-09T06:07:20.350898,2026-07-09T06:07:20.358582+00:00,119.1,50,bid,FlawlessFlatbreads,EarnestEspressos,13185210
2026-07-09T06:07:20.818674,2026-07-09T06:07:20.829827+00:00,118.8,5,ask,DiligentDonuts,Thomas Lee,13185221
2026-07-09T06:07:20.823587,2026-07-09T06:07:20.835070+00:00,119.1,5,bid,Thomas Lee,EarnestEspressos,13185222
2026-07-09T06:07:21.980266,2026-07-09T06:07:21.989867+00:00,119.1,45,bid,CostlyCorianders,EarnestEspressos,13185234
2026-07-09T06:07:22.491642,2026-07-09T06:07:22.500620+00:00,119.1,50,bid,FlawlessFlatbreads,EarnestEspressos,13185243
2026-07-09T06:07:22.562800,2026-07-09T06:07:22.574051+00:00,118.8,44,ask,DiligentDonuts,CostlyCorianders,13185245
2026-07-09T06:07:22.908787,2026-07-09T06:07:22.922739+00:00,118.9,11,ask,EarnestEspressos,Xuanyu Liu,13185246
2026-07-09T06:07:23.628708,2026-07-09T06:07:23.640408+00:00,119.4,47,bid,CostlyCorianders,EarnestEspressos,13185256
2026-07-09T06:07:23.707044,2026-07-09T06:07:23.718904+00:00,118.9,100,ask,EarnestEspressos,DiligentDonuts,13185259
2026-07-09T06:07:24.609485,2026-07-09T06:07:24.620306+00:00,119.4,50,bid,FlawlessFlatbreads,EarnestEspressos,13185282
2026-07-09T06:07:26.108368,2026-07-09T06:07:26.119397+00:00,118.9,42,ask,EarnestEspressos,CostlyCorianders,13185306
2026-07-09T06:07:26.741503,2026-07-09T06:07:26.758781+00:00,119.4,50,bid,FlawlessFlatbreads,EarnestEspressos,13185313
2026-07-09T06:07:28.848133,2026-07-09T06:07:28.855002+00:00,119.3,50,bid,FlawlessFlatbreads,DiligentDonuts,13185354
2026-07-09T06:07:29.567534,2026-07-09T06:07:29.575201+00:00,119.3,44,bid,CostlyCorianders,DiligentDonuts,13185371
2026-07-09T06:07:30.101485,2026-07-09T06:07:30.113934+00:00,119.5,48,bid,CostlyCorianders,EarnestEspressos,13185377
2026-07-09T06:07:30.502649,2026-07-09T06:07:30.513061+00:00,119.4,3,ask,DiligentDonuts,Xuanyu Liu,13185382
2026-07-09T06:07:31.021928,2026-07-09T06:07:31.040343+00:00,119.4,50,ask,DiligentDonuts,FlawlessFlatbreads,13185386
2026-07-09T06:07:35.225646,2026-07-09T06:07:35.236261+00:00,119.5,50,bid,FlawlessFlatbreads,DiligentDonuts,13185433
2026-07-09T06:07:37.333923,2026-07-09T06:07:37.346090+00:00,119.7,50,bid,FlawlessFlatbreads,DiligentDonuts,13185457
2026-07-09T06:07:39.449157,2026-07-09T06:07:39.458561+00:00,120.0,50,bid,FlawlessFlatbreads,EarnestEspressos,13185482
2026-07-09T06:07:39.807300,2026-07-09T06:07:39.822741+00:00,119.5,3,ask,EarnestEspressos,Xuanyu Liu,13185490
2026-07-09T06:07:39.811390,2026-07-09T06:07:39.822741+00:00,119.5,20,ask,EarnestEspressos,Heero Sipayung,13185491
2026-07-09T06:07:39.864287,2026-07-09T06:07:39.876612+00:00,119.5,20,ask,EarnestEspressos,Heero Sipayung,13185494
2026-07-09T06:07:39.893486,2026-07-09T06:07:39.905566+00:00,119.5,20,ask,EarnestEspressos,Heero Sipayung,13185496
2026-07-09T06:07:39.926059,2026-07-09T06:07:39.934377+00:00,119.5,20,ask,EarnestEspressos,Heero Sipayung,13185501
2026-07-09T06:07:39.959151,2026-07-09T06:07:39.970827+00:00,119.5,20,ask,EarnestEspressos,Heero Sipayung,13185503
2026-07-09T06:07:39.991672,2026-07-09T06:07:39.999030+00:00,119.5,20,ask,EarnestEspressos,Heero Sipayung,13185505
2026-07-09T06:07:40.051346,2026-07-09T06:07:40.058569+00:00,119.5,20,ask,EarnestEspressos,Heero Sipayung,13185507
2026-07-09T06:07:40.080583,2026-07-09T06:07:40.092405+00:00,119.5,7,ask,EarnestEspressos,Heero Sipayung,13185509
2026-07-09T06:07:40.102220,2026-07-09T06:07:40.113901+00:00,119.4,13,ask,DiligentDonuts,Heero Sipayung,13185511
2026-07-09T06:07:41.504330,2026-07-09T06:07:41.515439+00:00,119.4,42,ask,DiligentDonuts,CostlyCorianders,13185532
2026-07-09T06:07:41.556133,2026-07-09T06:07:41.558550+00:00,119.9,50,bid,FlawlessFlatbreads,DiligentDonuts,13185535
2026-07-09T06:07:43.671314,2026-07-09T06:07:43.684483+00:00,119.5,50,bid,FlawlessFlatbreads,EarnestEspressos,13185559
2026-07-09T06:07:44.020294,2026-07-09T06:07:44.064081+00:00,119.3,44,ask,DiligentDonuts,CostlyCorianders,13185564
2026-07-09T06:07:45.785641,2026-07-09T06:07:45.797691+00:00,119.7,50,bid,FlawlessFlatbreads,EarnestEspressos,13185596
2026-07-09T06:07:47.631159,2026-07-09T06:07:47.643173+00:00,119.7,49,bid,CostlyCorianders,EarnestEspressos,13185629
2026-07-09T06:07:47.686764,2026-07-09T06:07:47.698172+00:00,119.2,49,ask,EarnestEspressos,CostlyCorianders,13185631
2026-07-09T06:07:47.912300,2026-07-09T06:07:47.920832+00:00,119.7,50,bid,FlawlessFlatbreads,EarnestEspressos,13185635
2026-07-09T06:07:48.245137,2026-07-09T06:07:48.253319+00:00,119.5,20,ask,EarnestEspressos,Heero Sipayung,13185640
2026-07-09T06:07:48.270299,2026-07-09T06:07:48.279601+00:00,119.5,20,ask,EarnestEspressos,Heero Sipayung,13185642
2026-07-09T06:07:48.689992,2026-07-09T06:07:48.698931+00:00,119.5,49,ask,EarnestEspressos,CostlyCorianders,13185645
2026-07-09T06:07:50.018390,2026-07-09T06:07:50.030579+00:00,119.6,50,bid,FlawlessFlatbreads,DiligentDonuts,13185657
2026-07-09T06:07:52.178660,2026-07-09T06:07:52.190593+00:00,119.4,50,ask,DiligentDonuts,FlawlessFlatbreads,13185698
2026-07-09T06:07:52.822961,2026-07-09T06:07:52.835006+00:00,119.8,41,bid,CostlyCorianders,EarnestEspressos,13185708
2026-07-09T06:07:53.975441,2026-07-09T06:07:53.988425+00:00,119.4,46,ask,DiligentDonuts,CostlyCorianders,13185722
2026-07-09T06:07:54.901237,2026-07-09T06:07:54.909881+00:00,119.9,41,bid,CostlyCorianders,DiligentDonuts,13185733
2026-07-09T06:07:56.047245,2026-07-09T06:07:56.058622+00:00,119.4,43,ask,EarnestEspressos,CostlyCorianders,13185752
2026-07-09T06:07:56.396019,2026-07-09T06:07:56.408073+00:00,119.4,50,ask,EarnestEspressos,FlawlessFlatbreads,13185754
2026-07-09T06:07:58.505131,2026-07-09T06:07:58.511945+00:00,119.5,50,ask,DiligentDonuts,FlawlessFlatbreads,13185781
2026-07-09T06:08:00.630556,2026-07-09T06:08:00.644161+00:00,119.5,50,ask,DiligentDonuts,FlawlessFlatbreads,13185799
2026-07-09T06:08:01.480823,2026-07-09T06:08:01.492965+00:00,119.8,49,bid,CostlyCorianders,EarnestEspressos,13185806
2026-07-09T06:08:02.183985,2026-07-09T06:08:02.194829+00:00,119.5,3,bid,Xuanyu Liu,DiligentDonuts,13185817
2026-07-09T06:08:02.738624,2026-07-09T06:08:02.748507+00:00,119.3,50,ask,EarnestEspressos,FlawlessFlatbreads,13185825
2026-07-09T06:08:03.075116,2026-07-09T06:08:03.086075+00:00,119.5,45,bid,CostlyCorianders,DiligentDonuts,13185831
2026-07-09T06:08:04.218939,2026-07-09T06:08:04.227706+00:00,119.2,40,ask,EarnestEspressos,CostlyCorianders,13185846
2026-07-09T06:08:04.880091,2026-07-09T06:08:04.889836+00:00,119.2,50,ask,EarnestEspressos,FlawlessFlatbreads,13185858
2026-07-09T06:08:05.209019,2026-07-09T06:08:05.221326+00:00,119.7,46,bid,CostlyCorianders,EarnestEspressos,13185862
2026-07-09T06:08:06.987956,2026-07-09T06:08:06.999897+00:00,119.2,50,ask,EarnestEspressos,FlawlessFlatbreads,13185881
2026-07-09T06:08:07.352865,2026-07-09T06:08:07.364879+00:00,119.3,20,bid,Heero Sipayung,EarnestEspressos,13185886
2026-07-09T06:08:07.376757,2026-07-09T06:08:07.387171+00:00,119.3,20,bid,Heero Sipayung,EarnestEspressos,13185888
2026-07-09T06:08:07.418344,2026-07-09T06:08:07.428214+00:00,119.3,20,bid,Heero Sipayung,EarnestEspressos,13185890
2026-07-09T06:08:07.453897,2026-07-09T06:08:07.463607+00:00,119.3,20,bid,Heero Sipayung,EarnestEspressos,13185892
2026-07-09T06:08:07.478081,2026-07-09T06:08:07.489946+00:00,119.3,20,bid,Heero Sipayung,EarnestEspressos,13185894
2026-07-09T06:08:07.500377,2026-07-09T06:08:07.516620+00:00,119.3,20,bid,Heero Sipayung,EarnestEspressos,13185896
2026-07-09T06:08:07.524700,2026-07-09T06:08:07.533888+00:00,119.3,20,bid,Heero Sipayung,EarnestEspressos,13185898
2026-07-09T06:08:07.548939,2026-07-09T06:08:07.554079+00:00,119.3,10,bid,Heero Sipayung,EarnestEspressos,13185900
2026-07-09T06:08:09.125805,2026-07-09T06:08:09.134751+00:00,119.2,50,ask,DiligentDonuts,FlawlessFlatbreads,13185923
2026-07-09T06:08:11.956219,2026-07-09T06:08:11.968577+00:00,119.4,49,ask,EarnestEspressos,CostlyCorianders,13185957
2026-07-09T06:08:13.046668,2026-07-09T06:08:13.058567+00:00,119.4,47,ask,EarnestEspressos,CostlyCorianders,13185971
2026-07-09T06:08:13.339771,2026-07-09T06:08:13.353072+00:00,119.4,50,ask,EarnestEspressos,FlawlessFlatbreads,13185975
2026-07-09T06:08:13.649969,2026-07-09T06:08:13.663867+00:00,119.3,20,bid,Heero Sipayung,EarnestEspressos,13185983
2026-07-09T06:08:13.682301,2026-07-09T06:08:13.693863+00:00,119.3,20,bid,Heero Sipayung,EarnestEspressos,13185986
2026-07-09T06:08:13.703524,2026-07-09T06:08:13.714790+00:00,119.3,10,bid,Heero Sipayung,EarnestEspressos,13185988
2026-07-09T06:08:14.544018,2026-07-09T06:08:14.549538+00:00,119.3,41,bid,CostlyCorianders,EarnestEspressos,13186003
2026-07-09T06:08:15.448368,2026-07-09T06:08:15.458631+00:00,118.8,50,ask,EarnestEspressos,FlawlessFlatbreads,13186016
2026-07-09T06:08:15.558331,2026-07-09T06:08:15.570694+00:00,119.3,47,bid,CostlyCorianders,EarnestEspressos,13186017
2026-07-09T06:08:17.504696,2026-07-09T06:08:17.517600+00:00,119.6,50,bid,FlawlessFlatbreads,EarnestEspressos,13186049
2026-07-09T06:08:17.595124,2026-07-09T06:08:17.603672+00:00,119.4,44,bid,CostlyCorianders,DiligentDonuts,13186053
2026-07-09T06:08:18.118329,2026-07-09T06:08:18.130276+00:00,119.1,43,ask,EarnestEspressos,CostlyCorianders,13186064
2026-07-09T06:08:18.707940,2026-07-09T06:08:18.719860+00:00,119.1,40,ask,EarnestEspressos,CostlyCorianders,13186077
2026-07-09T06:08:19.663653,2026-07-09T06:08:19.673993+00:00,119.1,50,ask,EarnestEspressos,FlawlessFlatbreads,13186083
2026-07-09T06:08:19.937189,2026-07-09T06:08:19.947615+00:00,118.9,45,ask,DiligentDonuts,CostlyCorianders,13186086
2026-07-09T06:08:21.420028,2026-07-09T06:08:21.429118+00:00,119.1,3,bid,Xuanyu Liu,EarnestEspressos,13186107
2026-07-09T06:08:21.769722,2026-07-09T06:08:21.781788+00:00,118.8,50,ask,DiligentDonuts,FlawlessFlatbreads,13186116
2026-07-09T06:08:22.850382,2026-07-09T06:08:22.857177+00:00,119.1,49,bid,CostlyCorianders,EarnestEspressos,13186134
2026-07-09T06:08:23.883391,2026-07-09T06:08:23.893128+00:00,119.0,50,ask,EarnestEspressos,FlawlessFlatbreads,13186150
2026-07-09T06:08:25.963397,2026-07-09T06:08:25.972065+00:00,119.3,49,bid,CostlyCorianders,DiligentDonuts,13186165
2026-07-09T06:08:28.041473,2026-07-09T06:08:28.053440+00:00,119.2,50,bid,FlawlessFlatbreads,EarnestEspressos,13186197
2026-07-09T06:08:29.058060,2026-07-09T06:08:29.069851+00:00,119.2,49,bid,CostlyCorianders,EarnestEspressos,13186208
2026-07-09T06:08:30.150340,2026-07-09T06:08:30.157197+00:00,119.7,50,bid,FlawlessFlatbreads,EarnestEspressos,13186225
2026-07-09T06:08:32.259689,2026-07-09T06:08:32.271366+00:00,119.5,50,bid,FlawlessFlatbreads,DiligentDonuts,13186247
2026-07-09T06:08:33.593205,2026-07-09T06:08:33.604176+00:00,119.4,3,ask,EarnestEspressos,Xuanyu Liu,13186267
2026-07-09T06:08:34.373070,2026-07-09T06:08:34.385216+00:00,119.7,50,bid,FlawlessFlatbreads,DiligentDonuts,13186274
2026-07-09T06:08:35.835666,2026-07-09T06:08:35.845242+00:00,119.4,40,ask,EarnestEspressos,CostlyCorianders,13186291
2026-07-09T06:08:37.415893,2026-07-09T06:08:37.425517+00:00,119.4,43,ask,EarnestEspressos,CostlyCorianders,13186312
2026-07-09T06:08:38.584745,2026-07-09T06:08:38.597171+00:00,119.8,50,bid,FlawlessFlatbreads,DiligentDonuts,13186329
2026-07-09T06:08:39.534066,2026-07-09T06:08:39.545944+00:00,119.3,44,ask,DiligentDonuts,CostlyCorianders,13186342
2026-07-09T06:08:40.747353,2026-07-09T06:08:40.758490+00:00,119.1,50,ask,DiligentDonuts,FlawlessFlatbreads,13186357
2026-07-09T06:08:42.097114,2026-07-09T06:08:42.105637+00:00,119.1,50,ask,DiligentDonuts,EarnestEspressos,13186379
2026-07-09T06:08:42.802568,2026-07-09T06:08:42.810000+00:00,119.1,50,bid,FlawlessFlatbreads,EarnestEspressos,13186390
2026-07-09T06:08:44.304220,2026-07-09T06:08:44.315323+00:00,119.1,3,bid,Xuanyu Liu,EarnestEspressos,13186410
2026-07-09T06:08:44.660166,2026-07-09T06:08:44.672891+00:00,119.1,47,bid,CostlyCorianders,EarnestEspressos,13186413
2026-07-09T06:08:44.660166,2026-07-09T06:08:44.672891+00:00,119.1,2,bid,CostlyCorianders,DiligentDonuts,13186414
2026-07-09T06:08:44.963856,2026-07-09T06:08:44.974399+00:00,118.6,50,ask,EarnestEspressos,FlawlessFlatbreads,13186421
2026-07-09T06:08:45.208636,2026-07-09T06:08:45.215759+00:00,119.1,98,bid,EarnestEspressos,DiligentDonuts,13186423
2026-07-09T06:08:45.282182,2026-07-09T06:08:45.293977+00:00,119.4,3,ask,EarnestEspressos,Xuanyu Liu,13186424
2026-07-09T06:08:45.640326,2026-07-09T06:08:45.653721+00:00,119.4,14,ask,EarnestEspressos,Xuanyu Liu,13186433
2026-07-09T06:08:45.671473,2026-07-09T06:08:45.679297+00:00,119.4,20,ask,EarnestEspressos,Heero Sipayung,13186435
2026-07-09T06:08:45.698214,2026-07-09T06:08:45.710619+00:00,119.4,15,ask,EarnestEspressos,Heero Sipayung,13186437
2026-07-09T06:08:46.931654,2026-07-09T06:08:46.940868+00:00,119.4,11,bid,Xuanyu Liu,DiligentDonuts,13186463
2026-07-09T06:08:47.070794,2026-07-09T06:08:47.082466+00:00,118.9,50,ask,DiligentDonuts,FlawlessFlatbreads,13186465
2026-07-09T06:08:47.509475,2026-07-09T06:08:47.537116+00:00,119.4,45,bid,CostlyCorianders,DiligentDonuts,13186468
2026-07-09T06:08:48.437538,2026-07-09T06:08:48.482182+00:00,119.2,3,bid,Xuanyu Liu,EarnestEspressos,13186479
2026-07-09T06:08:48.489019,2026-07-09T06:08:48.497418+00:00,119.2,20,bid,Heero Sipayung,EarnestEspressos,13186483
2026-07-09T06:08:48.581997,2026-07-09T06:08:48.590527+00:00,119.2,15,bid,Heero Sipayung,EarnestEspressos,13186488
2026-07-09T06:08:49.175122,2026-07-09T06:08:49.187145+00:00,119.2,100,bid,DiligentDonuts,EarnestEspressos,13186495
2026-07-09T06:08:49.180295,2026-07-09T06:08:49.187145+00:00,118.7,50,ask,EarnestEspressos,FlawlessFlatbreads,13186496
2026-07-09T06:08:51.269033,2026-07-09T06:08:51.280994+00:00,118.7,40,ask,EarnestEspressos,CostlyCorianders,13186522
2026-07-09T06:08:51.286779,2026-07-09T06:08:51.298341+00:00,118.7,50,ask,EarnestEspressos,FlawlessFlatbreads,13186523
2026-07-09T06:08:51.840577,2026-07-09T06:08:51.852787+00:00,119.0,48,bid,CostlyCorianders,EarnestEspressos,13186532
2026-07-09T06:08:51.896607,2026-07-09T06:08:51.908578+00:00,118.5,44,ask,EarnestEspressos,CostlyCorianders,13186533
2026-07-09T06:08:53.393795,2026-07-09T06:08:53.404937+00:00,118.7,50,ask,DiligentDonuts,FlawlessFlatbreads,13186547
2026-07-09T06:08:55.733207,2026-07-09T06:08:55.744370+00:00,118.5,47,ask,EarnestEspressos,CostlyCorianders,13186574
2026-07-09T06:08:59.407434,2026-07-09T06:08:59.426952+00:00,118.7,3,bid,Xuanyu Liu,EarnestEspressos,13186633
2026-07-09T06:08:59.693627,2026-07-09T06:08:59.705682+00:00,118.7,50,bid,FlawlessFlatbreads,EarnestEspressos,13186642
2026-07-09T06:09:00.907787,2026-07-09T06:09:00.914969+00:00,118.7,43,bid,CostlyCorianders,EarnestEspressos,13186674
2026-07-09T06:09:01.862655,2026-07-09T06:09:01.875276+00:00,118.6,50,ask,EarnestEspressos,FlawlessFlatbreads,13186690
2026-07-09T06:09:03.970582,2026-07-09T06:09:03.982459+00:00,118.6,50,ask,EarnestEspressos,FlawlessFlatbreads,13186728
2026-07-09T06:09:04.157125,2026-07-09T06:09:04.169126+00:00,118.6,43,ask,EarnestEspressos,CostlyCorianders,13186736
2026-07-09T06:09:04.296918,2026-07-09T06:09:04.308591+00:00,118.5,23,bid,Xuanyu Liu,EarnestEspressos,13186738
2026-07-09T06:09:05.438707,2026-07-09T06:09:05.452753+00:00,118.5,11,bid,Xuanyu Liu,EarnestEspressos,13186756
2026-07-09T06:09:06.043729,2026-07-09T06:09:06.058637+00:00,118.5,50,bid,FlawlessFlatbreads,EarnestEspressos,13186762
2026-07-09T06:09:07.251291,2026-07-09T06:09:07.274108+00:00,118.5,12,bid,Xuanyu Liu,EarnestEspressos,13186774
2026-07-09T06:09:08.151045,2026-07-09T06:09:08.157877+00:00,119.1,50,bid,FlawlessFlatbreads,EarnestEspressos,13186790
2026-07-09T06:09:10.557664,2026-07-09T06:09:10.569394+00:00,119.2,100,bid,EarnestEspressos,DiligentDonuts,13186821
2026-07-09T06:09:10.627104,2026-07-09T06:09:10.636583+00:00,119.4,46,ask,EarnestEspressos,Xuanyu Liu,13186822
2026-07-09T06:09:10.996816,2026-07-09T06:09:11.008961+00:00,119.4,4,ask,EarnestEspressos,CostlyCorianders,13186828
2026-07-09T06:09:11.570807,2026-07-09T06:09:11.578068+00:00,119.2,41,ask,DiligentDonuts,CostlyCorianders,13186840
2026-07-09T06:09:12.364738,2026-07-09T06:09:12.376734+00:00,119.7,50,bid,FlawlessFlatbreads,DiligentDonuts,13186849
2026-07-09T06:09:12.632427,2026-07-09T06:09:12.641504+00:00,119.7,46,bid,CostlyCorianders,DiligentDonuts,13186855
2026-07-09T06:09:14.518290,2026-07-09T06:09:14.529821+00:00,119.3,100,bid,DiligentDonuts,EarnestEspressos,13186881
2026-07-09T06:09:14.732263,2026-07-09T06:09:14.743878+00:00,118.8,49,ask,EarnestEspressos,CostlyCorianders,13186886
2026-07-09T06:09:15.828661,2026-07-09T06:09:15.838643+00:00,119.3,47,bid,CostlyCorianders,EarnestEspressos,13186898
2026-07-09T06:09:16.306546,2026-07-09T06:09:16.315293+00:00,119.3,3,bid,CostlyCorianders,EarnestEspressos,13186907
2026-07-09T06:09:16.585320,2026-07-09T06:09:16.596967+00:00,120.0,50,bid,FlawlessFlatbreads,DiligentDonuts,13186913
2026-07-09T06:09:17.807000,2026-07-09T06:09:17.819085+00:00,119.3,42,ask,DiligentDonuts,CostlyCorianders,13186925
2026-07-09T06:09:18.761364,2026-07-09T06:09:18.774211+00:00,119.3,50,ask,DiligentDonuts,FlawlessFlatbreads,13186945
2026-07-09T06:09:19.240562,2026-07-09T06:09:19.253581+00:00,119.3,8,ask,DiligentDonuts,CostlyCorianders,13186950
2026-07-09T06:09:20.872432,2026-07-09T06:09:20.884433+00:00,119.1,50,ask,EarnestEspressos,FlawlessFlatbreads,13186967
2026-07-09T06:09:22.166088,2026-07-09T06:09:22.177905+00:00,119.4,41,bid,CostlyCorianders,DiligentDonuts,13186993
2026-07-09T06:09:23.009575,2026-07-09T06:09:23.016607+00:00,119.1,50,ask,EarnestEspressos,FlawlessFlatbreads,13187005
2026-07-09T06:09:23.555988,2026-07-09T06:09:23.568202+00:00,119.2,46,bid,CostlyCorianders,EarnestEspressos,13187016
2026-07-09T06:09:25.117659,2026-07-09T06:09:25.129845+00:00,119.0,50,ask,DiligentDonuts,FlawlessFlatbreads,13187039
2026-07-09T06:09:25.142705,2026-07-09T06:09:25.149879+00:00,119.0,46,ask,DiligentDonuts,CostlyCorianders,13187040
2026-07-09T06:09:27.226656,2026-07-09T06:09:27.238057+00:00,118.9,50,ask,EarnestEspressos,FlawlessFlatbreads,13187067
2026-07-09T06:09:27.867408,2026-07-09T06:09:27.879051+00:00,118.9,40,ask,EarnestEspressos,CostlyCorianders,13187073
2026-07-09T06:09:28.521613,2026-07-09T06:09:28.529692+00:00,119.1,48,bid,CostlyCorianders,DiligentDonuts,13187090
2026-07-09T06:09:29.005969,2026-07-09T06:09:29.016967+00:00,119.1,11,bid,Xuanyu Liu,DiligentDonuts,13187098
2026-07-09T06:09:29.112801,2026-07-09T06:09:29.125332+00:00,119.1,41,bid,CostlyCorianders,DiligentDonuts,13187100
2026-07-09T06:09:29.112801,2026-07-09T06:09:29.125332+00:00,119.4,1,bid,CostlyCorianders,EarnestEspressos,13187101
2026-07-09T06:09:29.333918,2026-07-09T06:09:29.342452+00:00,118.9,50,ask,EarnestEspressos,FlawlessFlatbreads,13187103
2026-07-09T06:09:29.626550,2026-07-09T06:09:29.673928+00:00,118.9,23,bid,Xuanyu Liu,EarnestEspressos,13187106
2026-07-09T06:09:30.339478,2026-07-09T06:09:30.349390+00:00,118.9,100,bid,DiligentDonuts,EarnestEspressos,13187119
2026-07-09T06:09:31.469711,2026-07-09T06:09:31.480246+00:00,118.4,50,ask,EarnestEspressos,FlawlessFlatbreads,13187141
2026-07-09T06:09:33.096241,2026-07-09T06:09:33.108486+00:00,118.5,45,ask,EarnestEspressos,CostlyCorianders,13187166
2026-07-09T06:09:33.525822,2026-07-09T06:09:33.536284+00:00,119.0,50,bid,FlawlessFlatbreads,EarnestEspressos,13187173
2026-07-09T06:09:34.646611,2026-07-09T06:09:34.663670+00:00,119.0,46,bid,CostlyCorianders,EarnestEspressos,13187191
2026-07-09T06:09:35.632767,2026-07-09T06:09:35.644620+00:00,119.0,50,bid,FlawlessFlatbreads,EarnestEspressos,13187210
2026-07-09T06:09:36.940416,2026-07-09T06:09:36.963528+00:00,118.8,11,ask,EarnestEspressos,Xuanyu Liu,13187221
2026-07-09T06:09:37.773858,2026-07-09T06:09:37.786041+00:00,118.9,50,bid,FlawlessFlatbreads,DiligentDonuts,13187236
2026-07-09T06:09:39.571323,2026-07-09T06:09:39.583265+00:00,118.9,47,bid,CostlyCorianders,DiligentDonuts,13187261
2026-07-09T06:09:40.575666,2026-07-09T06:09:40.585641+00:00,118.8,40,ask,DiligentDonuts,CostlyCorianders,13187274
2026-07-09T06:09:42.014317,2026-07-09T06:09:42.021254+00:00,119.2,50,bid,FlawlessFlatbreads,EarnestEspressos,13187302
2026-07-09T06:09:42.174252,2026-07-09T06:09:42.183673+00:00,118.8,41,ask,DiligentDonuts,CostlyCorianders,13187309
2026-07-09T06:09:43.253790,2026-07-09T06:09:43.258546+00:00,119.3,43,bid,CostlyCorianders,DiligentDonuts,13187329
2026-07-09T06:09:43.787778,2026-07-09T06:09:43.864304+00:00,119.2,44,ask,EarnestEspressos,CostlyCorianders,13187335
2026-07-09T06:09:43.866282,2026-07-09T06:09:43.876900+00:00,119.2,12,ask,EarnestEspressos,Xuanyu Liu,13187337
2026-07-09T06:09:46.254462,2026-07-09T06:09:46.258569+00:00,119.4,50,bid,FlawlessFlatbreads,EarnestEspressos,13187364
2026-07-09T06:09:46.413603,2026-07-09T06:09:46.425454+00:00,119.4,40,bid,CostlyCorianders,EarnestEspressos,13187365
2026-07-09T06:09:47.427591,2026-07-09T06:09:47.440361+00:00,118.9,44,ask,EarnestEspressos,CostlyCorianders,13187376
2026-07-09T06:09:48.361161,2026-07-09T06:09:48.373402+00:00,119.4,50,bid,FlawlessFlatbreads,EarnestEspressos,13187381
2026-07-09T06:09:48.430080,2026-07-09T06:09:48.443288+00:00,119.4,10,bid,CostlyCorianders,EarnestEspressos,13187382
2026-07-09T06:09:48.430080,2026-07-09T06:09:48.443288+00:00,119.4,32,bid,CostlyCorianders,DiligentDonuts,13187383
2026-07-09T06:09:48.580987,2026-07-09T06:09:48.593013+00:00,119.4,68,bid,EarnestEspressos,DiligentDonuts,13187385
2026-07-09T06:09:48.649762,2026-07-09T06:09:48.663601+00:00,119.4,14,ask,EarnestEspressos,Xuanyu Liu,13187388
2026-07-09T06:09:50.486362,2026-07-09T06:09:50.498369+00:00,119.7,50,bid,FlawlessFlatbreads,DiligentDonuts,13187420
2026-07-09T06:09:52.679504,2026-07-09T06:09:52.695109+00:00,119.4,50,ask,DiligentDonuts,FlawlessFlatbreads,13187450
2026-07-09T06:09:59.001578,2026-07-09T06:09:59.010898+00:00,119.5,50,ask,DiligentDonuts,FlawlessFlatbreads,13187532
2026-07-09T06:10:01.154493,2026-07-09T06:10:01.164236+00:00,119.5,50,ask,DiligentDonuts,FlawlessFlatbreads,13187561
2026-07-09T06:10:03.134325,2026-07-09T06:10:03.146248+00:00,119.3,46,ask,EarnestEspressos,CostlyCorianders,13187581
2026-07-09T06:10:03.274742,2026-07-09T06:10:03.284257+00:00,119.3,50,ask,EarnestEspressos,FlawlessFlatbreads,13187587
2026-07-09T06:10:04.480037,2026-07-09T06:10:04.489474+00:00,119.6,3,bid,Xuanyu Liu,EarnestEspressos,13187605
2026-07-09T06:10:05.389559,2026-07-09T06:10:05.400636+00:00,119.3,50,ask,DiligentDonuts,FlawlessFlatbreads,13187612
2026-07-09T06:10:05.805789,2026-07-09T06:10:05.818108+00:00,119.6,43,bid,CostlyCorianders,EarnestEspressos,13187619
2026-07-09T06:10:05.859873,2026-07-09T06:10:05.870910+00:00,119.6,11,bid,Xuanyu Liu,EarnestEspressos,13187620
2026-07-09T06:10:06.398195,2026-07-09T06:10:06.410351+00:00,119.6,43,bid,CostlyCorianders,EarnestEspressos,13187626
2026-07-09T06:10:07.498664,2026-07-09T06:10:07.514802+00:00,119.3,50,ask,DiligentDonuts,FlawlessFlatbreads,13187643
2026-07-09T06:10:09.554877,2026-07-09T06:10:09.566983+00:00,119.5,50,bid,FlawlessFlatbreads,DiligentDonuts,13187682
2026-07-09T06:10:10.100652,2026-07-09T06:10:10.112521+00:00,119.4,43,ask,EarnestEspressos,CostlyCorianders,13187692
2026-07-09T06:10:11.662818,2026-07-09T06:10:11.674079+00:00,119.7,50,bid,FlawlessFlatbreads,DiligentDonuts,13187710
2026-07-09T06:10:13.770823,2026-07-09T06:10:13.782471+00:00,119.7,50,bid,FlawlessFlatbreads,DiligentDonuts,13187735
2026-07-09T06:10:14.695602,2026-07-09T06:10:14.707445+00:00,119.7,49,ask,DiligentDonuts,CostlyCorianders,13187749
2026-07-09T06:10:17.196290,2026-07-09T06:10:17.203645+00:00,120.1,43,bid,CostlyCorianders,EarnestEspressos,13187779
2026-07-09T06:10:20.164309,2026-07-09T06:10:20.175146+00:00,119.6,50,ask,EarnestEspressos,FlawlessFlatbreads,13187816
2026-07-09T06:10:22.220752,2026-07-09T06:10:22.232910+00:00,120.0,50,bid,FlawlessFlatbreads,DiligentDonuts,13187837
2026-07-09T06:10:22.990751,2026-07-09T06:10:23.000952+00:00,119.6,11,ask,EarnestEspressos,Xuanyu Liu,13187852
2026-07-09T06:10:23.559749,2026-07-09T06:10:23.572532+00:00,119.6,23,bid,Xuanyu Liu,EarnestEspressos,13187868
2026-07-09T06:10:24.156719,2026-07-09T06:10:24.170137+00:00,119.6,100,bid,DiligentDonuts,EarnestEspressos,13187877
2026-07-09T06:10:24.329401,2026-07-09T06:10:24.338747+00:00,119.6,27,bid,FlawlessFlatbreads,EarnestEspressos,13187882
2026-07-09T06:10:24.329401,2026-07-09T06:10:24.338747+00:00,120.5,23,bid,FlawlessFlatbreads,DiligentDonuts,13187883
2026-07-09T06:10:24.824749,2026-07-09T06:10:24.836735+00:00,119.1,41,ask,EarnestEspressos,CostlyCorianders,13187888
2026-07-09T06:10:26.587276,2026-07-09T06:10:26.597367+00:00,119.8,12,ask,EarnestEspressos,Xuanyu Liu,13187909
2026-07-09T06:10:27.465358,2026-07-09T06:10:27.477499+00:00,119.8,48,ask,EarnestEspressos,CostlyCorianders,13187922
2026-07-09T06:10:28.545566,2026-07-09T06:10:28.552391+00:00,120.2,50,bid,FlawlessFlatbreads,DiligentDonuts,13187946
2026-07-09T06:10:30.653243,2026-07-09T06:10:30.664928+00:00,120.6,50,bid,FlawlessFlatbreads,EarnestEspressos,13187980
2026-07-09T06:10:30.728769,2026-07-09T06:10:30.740678+00:00,120.6,48,bid,CostlyCorianders,EarnestEspressos,13187983
2026-07-09T06:10:32.913034,2026-07-09T06:10:32.924182+00:00,120.4,14,ask,EarnestEspressos,Xuanyu Liu,13188030
2026-07-09T06:10:34.915087,2026-07-09T06:10:34.924069+00:00,120.4,50,ask,EarnestEspressos,FlawlessFlatbreads,13188056
2026-07-09T06:10:35.949176,2026-07-09T06:10:35.961382+00:00,120.5,44,bid,CostlyCorianders,DiligentDonuts,13188070
2026-07-09T06:10:37.025094,2026-07-09T06:10:37.036945+00:00,120.2,50,ask,EarnestEspressos,FlawlessFlatbreads,13188083
2026-07-09T06:10:38.568531,2026-07-09T06:10:38.575471+00:00,120.2,48,ask,EarnestEspressos,CostlyCorianders,13188099
2026-07-09T06:10:39.134252,2026-07-09T06:10:39.143672+00:00,120.2,50,ask,EarnestEspressos,FlawlessFlatbreads,13188106
2026-07-09T06:10:39.283824,2026-07-09T06:10:39.290690+00:00,120.2,100,ask,DiligentDonuts,EarnestEspressos,13188108
2026-07-09T06:10:39.297102,2026-07-09T06:10:39.306724+00:00,119.9,14,bid,Xuanyu Liu,EarnestEspressos,13188109
2026-07-09T06:10:41.242445,2026-07-09T06:10:41.263648+00:00,119.7,50,ask,DiligentDonuts,FlawlessFlatbreads,13188141
2026-07-09T06:10:41.316226,2026-07-09T06:10:41.328920+00:00,119.7,44,ask,DiligentDonuts,CostlyCorianders,13188142
2026-07-09T06:10:41.981321,2026-07-09T06:10:41.991980+00:00,119.9,12,bid,Xuanyu Liu,EarnestEspressos,13188148
2026-07-09T06:10:43.198885,2026-07-09T06:10:43.210752+00:00,120.0,100,ask,EarnestEspressos,DiligentDonuts,13188170
2026-07-09T06:10:43.356914,2026-07-09T06:10:43.364479+00:00,120.0,50,ask,EarnestEspressos,FlawlessFlatbreads,13188172
2026-07-09T06:10:46.488776,2026-07-09T06:10:46.500792+00:00,119.8,46,bid,CostlyCorianders,EarnestEspressos,13188206
2026-07-09T06:10:47.200181,2026-07-09T06:10:47.210565+00:00,119.8,44,bid,CostlyCorianders,EarnestEspressos,13188218
2026-07-09T06:10:47.567961,2026-07-09T06:10:47.579739+00:00,119.5,50,ask,DiligentDonuts,FlawlessFlatbreads,13188222
2026-07-09T06:10:51.728593,2026-07-09T06:10:51.737738+00:00,120.1,50,bid,FlawlessFlatbreads,EarnestEspressos,13188276
2026-07-09T06:10:51.905307,2026-07-09T06:10:51.916107+00:00,120.0,23,ask,EarnestEspressos,Xuanyu Liu,13188281
2026-07-09T06:10:52.693013,2026-07-09T06:10:52.702606+00:00,120.0,100,ask,EarnestEspressos,DiligentDonuts,13188297
2026-07-09T06:10:53.073222,2026-07-09T06:10:53.085975+00:00,120.0,27,ask,EarnestEspressos,CostlyCorianders,13188305
2026-07-09T06:10:53.073222,2026-07-09T06:10:53.085975+00:00,119.3,18,ask,DiligentDonuts,CostlyCorianders,13188306
2026-07-09T06:10:53.834785,2026-07-09T06:10:53.843985+00:00,120.5,50,bid,FlawlessFlatbreads,EarnestEspressos,13188315
2026-07-09T06:10:55.116628,2026-07-09T06:10:55.126148+00:00,119.8,23,bid,Xuanyu Liu,EarnestEspressos,13188340
2026-07-09T06:10:55.295371,2026-07-09T06:10:55.304612+00:00,119.8,48,bid,CostlyCorianders,EarnestEspressos,13188346
2026-07-09T06:10:55.802475,2026-07-09T06:10:55.813200+00:00,119.8,11,bid,Xuanyu Liu,EarnestEspressos,13188352
2026-07-09T06:10:55.940671,2026-07-09T06:10:55.952856+00:00,119.8,50,bid,FlawlessFlatbreads,EarnestEspressos,13188354
2026-07-09T06:10:56.478707,2026-07-09T06:10:56.491198+00:00,119.8,18,bid,CostlyCorianders,EarnestEspressos,13188356
2026-07-09T06:10:58.062805,2026-07-09T06:10:58.079876+00:00,120.2,50,bid,FlawlessFlatbreads,DiligentDonuts,13188382
2026-07-09T06:10:58.225194,2026-07-09T06:10:58.237063+00:00,120.1,23,ask,EarnestEspressos,Xuanyu Liu,13188390
2026-07-09T06:11:00.198827,2026-07-09T06:11:00.209681+00:00,120.4,50,bid,FlawlessFlatbreads,DiligentDonuts,13188409
2026-07-09T06:11:01.156962,2026-07-09T06:11:01.169571+00:00,120.1,48,ask,EarnestEspressos,CostlyCorianders,13188419
2026-07-09T06:11:02.312355,2026-07-09T06:11:02.317776+00:00,120.3,50,bid,FlawlessFlatbreads,EarnestEspressos,13188436
2026-07-09T06:11:03.690632,2026-07-09T06:11:03.708249+00:00,120.1,47,ask,DiligentDonuts,CostlyCorianders,13188453
2026-07-09T06:11:03.698139,2026-07-09T06:11:03.708249+00:00,120.1,14,ask,DiligentDonuts,Xuanyu Liu,13188455
2026-07-09T06:11:04.428647,2026-07-09T06:11:04.435452+00:00,120.3,50,bid,FlawlessFlatbreads,EarnestEspressos,13188462
2026-07-09T06:11:06.282161,2026-07-09T06:11:06.292746+00:00,120.3,44,bid,CostlyCorianders,DiligentDonuts,13188481
2026-07-09T06:11:06.612270,2026-07-09T06:11:06.624445+00:00,119.9,50,ask,EarnestEspressos,FlawlessFlatbreads,13188485
2026-07-09T06:11:10.792280,2026-07-09T06:11:10.800591+00:00,120.4,50,bid,FlawlessFlatbreads,EarnestEspressos,13188551
2026-07-09T06:11:11.854829,2026-07-09T06:11:11.866689+00:00,119.7,49,ask,EarnestEspressos,CostlyCorianders,13188570
2026-07-09T06:11:12.912213,2026-07-09T06:11:12.924513+00:00,120.2,50,bid,FlawlessFlatbreads,EarnestEspressos,13188583
2026-07-09T06:11:15.090670,2026-07-09T06:11:15.099418+00:00,119.9,50,ask,EarnestEspressos,FlawlessFlatbreads,13188623
2026-07-09T06:11:15.716960,2026-07-09T06:11:15.729139+00:00,119.9,41,ask,EarnestEspressos,CostlyCorianders,13188634
2026-07-09T06:11:16.848100,2026-07-09T06:11:16.855075+00:00,120.3,40,bid,CostlyCorianders,DiligentDonuts,13188647
2026-07-09T06:11:17.199440,2026-07-09T06:11:17.210947+00:00,119.8,50,ask,DiligentDonuts,FlawlessFlatbreads,13188654
2026-07-09T06:11:17.470681,2026-07-09T06:11:17.481615+00:00,119.9,49,bid,CostlyCorianders,EarnestEspressos,13188659
2026-07-09T06:11:21.374486,2026-07-09T06:11:21.386821+00:00,120.1,50,bid,FlawlessFlatbreads,EarnestEspressos,13188716
2026-07-09T06:11:22.389238,2026-07-09T06:11:22.400825+00:00,119.8,49,ask,DiligentDonuts,CostlyCorianders,13188734
2026-07-09T06:11:23.515372,2026-07-09T06:11:23.526001+00:00,120.3,50,bid,FlawlessFlatbreads,DiligentDonuts,13188748
2026-07-09T06:11:24.573978,2026-07-09T06:11:24.585841+00:00,120.1,44,bid,CostlyCorianders,DiligentDonuts,13188757
2026-07-09T06:11:25.675694,2026-07-09T06:11:25.687621+00:00,119.7,50,ask,EarnestEspressos,FlawlessFlatbreads,13188772
2026-07-09T06:11:26.165216,2026-07-09T06:11:26.177144+00:00,120.1,49,bid,CostlyCorianders,DiligentDonuts,13188777
2026-07-09T06:11:27.449201,2026-07-09T06:11:27.458612+00:00,120.1,100,bid,DiligentDonuts,EarnestEspressos,13188789
2026-07-09T06:11:27.735803,2026-07-09T06:11:27.743403+00:00,120.1,50,bid,FlawlessFlatbreads,EarnestEspressos,13188791
2026-07-09T06:11:28.205434,2026-07-09T06:11:28.215558+00:00,119.6,43,ask,EarnestEspressos,CostlyCorianders,13188801
2026-07-09T06:11:29.843839,2026-07-09T06:11:29.856164+00:00,120.6,50,bid,FlawlessFlatbreads,DiligentDonuts,13188825
2026-07-09T06:11:30.252071,2026-07-09T06:11:30.258575+00:00,120.2,44,ask,EarnestEspressos,CostlyCorianders,13188827
2026-07-09T06:11:30.788054,2026-07-09T06:11:30.799745+00:00,120.2,47,ask,EarnestEspressos,CostlyCorianders,13188830
2026-07-09T06:11:34.083756,2026-07-09T06:11:34.095678+00:00,120.3,50,bid,FlawlessFlatbreads,EarnestEspressos,13188870
2026-07-09T06:11:35.964853,2026-07-09T06:11:35.976649+00:00,120.3,47,bid,CostlyCorianders,EarnestEspressos,13188898
