timestamp,recv_time,price,volume,aggressor_side,buyer,seller,trade_id
2026-07-07T07:00:00.292399,2026-07-07T07:00:00.005012+00:00,154.5,25,bid,,,10511856
2026-07-07T07:00:01.273728,2026-07-07T07:00:01.301362+00:00,154.3,50,ask,,,10511874
2026-07-07T07:00:01.536060,2026-07-07T07:00:01.547722+00:00,154.5,48,bid,,,10511881
2026-07-07T07:00:01.939850,2026-07-07T07:00:01.958171+00:00,154.5,34,bid,,,10511885
2026-07-07T07:00:02.094709,2026-07-07T07:00:02.102906+00:00,154.5,25,bid,,,10511892
2026-07-07T07:00:02.317346,2026-07-07T07:00:02.325745+00:00,154.7,19,bid,,,10511896
2026-07-07T07:00:02.488917,2026-07-07T07:00:02.498919+00:00,154.7,31,bid,,,10511902
2026-07-07T07:00:02.488917,2026-07-07T07:00:02.498919+00:00,154.8,12,bid,,,10511903
2026-07-07T07:00:02.518612,2026-07-07T07:00:02.527571+00:00,154.7,11,ask,,,10511904
2026-07-07T07:00:03.022274,2026-07-07T07:00:03.038405+00:00,154.9,23,ask,,,10511924
2026-07-07T07:00:03.131162,2026-07-07T07:00:03.141903+00:00,154.9,100,ask,,,10511931
2026-07-07T07:00:03.381907,2026-07-07T07:00:03.393866+00:00,154.9,27,ask,,,10511936
2026-07-07T07:00:03.381907,2026-07-07T07:00:03.393866+00:00,154.7,1,ask,,,10511937
2026-07-07T07:00:03.381907,2026-07-07T07:00:03.393866+00:00,154.6,22,ask,,,10511938
2026-07-07T07:00:03.512365,2026-07-07T07:00:03.523953+00:00,154.6,25,ask,,,10511940
2026-07-07T07:00:04.273746,2026-07-07T07:00:04.281343+00:00,155.0,12,bid,,,10511950
2026-07-07T07:00:04.273746,2026-07-07T07:00:04.286339+00:00,155.0,13,bid,,,10511951
2026-07-07T07:00:04.861980,2026-07-07T07:00:04.874010+00:00,154.6,3,ask,,,10511965
2026-07-07T07:00:05.519385,2026-07-07T07:00:05.528219+00:00,154.8,12,ask,,,10511976
2026-07-07T07:00:05.519385,2026-07-07T07:00:05.528219+00:00,154.7,27,ask,,,10511977
2026-07-07T07:00:06.279482,2026-07-07T07:00:06.288034+00:00,154.7,22,ask,,,10512009
2026-07-07T07:00:06.916971,2026-07-07T07:00:06.924156+00:00,154.8,25,bid,,,10512014
2026-07-07T07:00:07.575706,2026-07-07T07:00:07.597945+00:00,154.8,50,bid,,,10512024
2026-07-07T07:00:08.403530,2026-07-07T07:00:08.411167+00:00,154.7,43,ask,,,10512031
2026-07-07T07:00:09.632308,2026-07-07T07:00:09.640377+00:00,154.7,12,ask,,,10512058
2026-07-07T07:00:09.682522,2026-07-07T07:00:09.694082+00:00,155.0,50,bid,,,10512059
2026-07-07T07:00:10.375643,2026-07-07T07:00:10.385566+00:00,154.8,13,ask,,,10512076
2026-07-07T07:00:11.108528,2026-07-07T07:00:11.117230+00:00,154.8,23,ask,,,10512083
2026-07-07T07:00:11.133146,2026-07-07T07:00:11.143263+00:00,154.8,12,ask,,,10512085
2026-07-07T07:00:11.815278,2026-07-07T07:00:11.824908+00:00,154.7,20,bid,,,10512102
2026-07-07T07:00:11.815278,2026-07-07T07:00:11.824908+00:00,154.9,30,bid,,,10512103
2026-07-07T07:00:11.964109,2026-07-07T07:00:11.976680+00:00,154.6,49,ask,,,10512105
2026-07-07T07:00:12.559529,2026-07-07T07:00:12.569218+00:00,154.6,10,bid,,,10512114
2026-07-07T07:00:12.603073,2026-07-07T07:00:12.619397+00:00,154.6,2,bid,,,10512118
2026-07-07T07:00:13.116446,2026-07-07T07:00:13.127924+00:00,154.6,25,bid,,,10512131
2026-07-07T07:00:13.222543,2026-07-07T07:00:13.234335+00:00,154.6,10,bid,,,10512136
2026-07-07T07:00:15.020416,2026-07-07T07:00:15.031089+00:00,154.6,41,bid,,,10512169
2026-07-07T07:00:15.382590,2026-07-07T07:00:15.389955+00:00,154.4,25,ask,,,10512179
2026-07-07T07:00:16.019741,2026-07-07T07:00:16.028621+00:00,154.5,25,bid,,,10512186
2026-07-07T07:00:16.096759,2026-07-07T07:00:16.106757+00:00,154.3,12,ask,,,10512189
2026-07-07T07:00:16.096759,2026-07-07T07:00:16.106757+00:00,154.2,38,ask,,,10512190
2026-07-07T07:00:16.669450,2026-07-07T07:00:16.678053+00:00,154.2,25,ask,,,10512209
2026-07-07T07:00:17.199738,2026-07-07T07:00:17.209416+00:00,154.2,45,ask,,,10512219
2026-07-07T07:00:18.912948,2026-07-07T07:00:18.933306+00:00,154.2,12,ask,,,10512252
2026-07-07T07:00:18.922604,2026-07-07T07:00:18.933306+00:00,154.2,11,bid,,,10512253
2026-07-07T07:00:18.976003,2026-07-07T07:00:18.985060+00:00,154.2,11,bid,,,10512258
2026-07-07T07:00:19.092042,2026-07-07T07:00:19.099909+00:00,154.2,20,bid,,,10512264
2026-07-07T07:00:19.252075,2026-07-07T07:00:19.259382+00:00,154.2,10,bid,,,10512266
2026-07-07T07:00:19.311338,2026-07-07T07:00:19.321850+00:00,154.2,47,bid,,,10512270
2026-07-07T07:00:19.376473,2026-07-07T07:00:19.387619+00:00,154.2,25,bid,,,10512273
2026-07-07T07:00:19.785426,2026-07-07T07:00:19.797494+00:00,154.2,14,bid,,,10512276
2026-07-07T07:00:19.785426,2026-07-07T07:00:19.797494+00:00,154.5,31,bid,,,10512277
2026-07-07T07:00:20.042956,2026-07-07T07:00:20.054598+00:00,154.0,25,ask,,,10512287
2026-07-07T07:00:20.279390,2026-07-07T07:00:20.286019+00:00,154.4,10,bid,,,10512301
2026-07-07T07:00:20.279390,2026-07-07T07:00:20.291259+00:00,154.5,19,bid,,,10512302
2026-07-07T07:00:20.279390,2026-07-07T07:00:20.291259+00:00,154.5,21,bid,,,10512303
2026-07-07T07:00:20.709776,2026-07-07T07:00:20.719475+00:00,154.4,10,bid,,,10512311
2026-07-07T07:00:21.481072,2026-07-07T07:00:21.487993+00:00,154.1,46,ask,,,10512323
2026-07-07T07:00:22.032224,2026-07-07T07:00:22.044074+00:00,154.3,10,bid,,,10512333
2026-07-07T07:00:22.343495,2026-07-07T07:00:22.355183+00:00,154.4,10,bid,,,10512340
2026-07-07T07:00:22.391618,2026-07-07T07:00:22.401170+00:00,154.4,40,bid,,,10512341
2026-07-07T07:00:22.391618,2026-07-07T07:00:22.401170+00:00,154.4,10,bid,,,10512342
2026-07-07T07:00:24.542250,2026-07-07T07:00:24.554406+00:00,154.5,12,bid,,,10512388
2026-07-07T07:00:24.542250,2026-07-07T07:00:24.554406+00:00,154.5,38,bid,,,10512389
2026-07-07T07:00:25.688320,2026-07-07T07:00:25.699866+00:00,154.5,45,bid,,,10512400
2026-07-07T07:00:26.707097,2026-07-07T07:00:26.716474+00:00,154.4,50,ask,,,10512422
2026-07-07T07:00:26.776800,2026-07-07T07:00:26.786572+00:00,154.4,11,ask,,,10512425
2026-07-07T07:00:26.839110,2026-07-07T07:00:26.847649+00:00,154.4,11,ask,,,10512429
2026-07-07T07:00:27.321035,2026-07-07T07:00:27.330684+00:00,154.4,12,ask,,,10512436
2026-07-07T07:00:28.761923,2026-07-07T07:00:28.773564+00:00,154.3,50,bid,,,10512472
2026-07-07T07:00:30.946074,2026-07-07T07:00:30.958593+00:00,154.1,50,ask,,,10512510
2026-07-07T07:00:33.951763,2026-07-07T07:00:33.959615+00:00,154.3,12,bid,,,10512570
2026-07-07T07:00:33.951763,2026-07-07T07:00:33.964820+00:00,154.3,13,bid,,,10512571
2026-07-07T07:00:34.541142,2026-07-07T07:00:34.552727+00:00,154.0,12,ask,,,10512588
2026-07-07T07:00:34.541142,2026-07-07T07:00:34.552727+00:00,154.0,13,ask,,,10512589
2026-07-07T07:00:35.105166,2026-07-07T07:00:35.113983+00:00,154.3,10,bid,,,10512602
2026-07-07T07:00:35.105166,2026-07-07T07:00:35.113983+00:00,154.3,20,bid,,,10512603
2026-07-07T07:00:35.105166,2026-07-07T07:00:35.118987+00:00,154.5,20,bid,,,10512604
2026-07-07T07:00:35.205385,2026-07-07T07:00:35.215585+00:00,154.5,10,bid,,,10512610
2026-07-07T07:00:36.466400,2026-07-07T07:00:36.479935+00:00,154.1,41,ask,,,10512633
2026-07-07T07:00:36.466400,2026-07-07T07:00:36.479935+00:00,154.0,1,ask,,,10512634
2026-07-07T07:00:37.216498,2026-07-07T07:00:37.228256+00:00,154.2,50,bid,,,10512656
2026-07-07T07:00:38.112856,2026-07-07T07:00:38.124571+00:00,154.3,10,bid,,,10512670
2026-07-07T07:00:38.112856,2026-07-07T07:00:38.124571+00:00,154.4,34,bid,,,10512671
2026-07-07T07:00:38.388697,2026-07-07T07:00:38.398342+00:00,154.4,10,bid,,,10512680
2026-07-07T07:00:39.375096,2026-07-07T07:00:39.384133+00:00,154.1,50,ask,,,10512693
2026-07-07T07:00:40.769917,2026-07-07T07:00:40.779516+00:00,154.1,10,ask,,,10512718
2026-07-07T07:00:40.769917,2026-07-07T07:00:40.779516+00:00,154.0,32,ask,,,10512719
2026-07-07T07:00:41.162887,2026-07-07T07:00:41.170541+00:00,154.4,15,bid,,,10512729
2026-07-07T07:00:41.348839,2026-07-07T07:00:41.358584+00:00,154.1,12,ask,,,10512736
2026-07-07T07:00:41.348839,2026-07-07T07:00:41.358584+00:00,154.1,33,ask,,,10512737
2026-07-07T07:00:41.483557,2026-07-07T07:00:41.492522+00:00,154.1,50,ask,,,10512742
2026-07-07T07:00:41.747353,2026-07-07T07:00:41.758610+00:00,154.1,17,ask,,,10512757
2026-07-07T07:00:41.747353,2026-07-07T07:00:41.758610+00:00,154.1,5,ask,,,10512758
2026-07-07T07:00:42.466213,2026-07-07T07:00:42.474056+00:00,153.9,3,ask,,,10512765
2026-07-07T07:00:43.593109,2026-07-07T07:00:43.601006+00:00,154.0,42,ask,,,10512782
2026-07-07T07:00:43.593109,2026-07-07T07:00:43.606303+00:00,153.9,8,ask,,,10512783
2026-07-07T07:00:43.781463,2026-07-07T07:00:43.791392+00:00,154.4,25,bid,,,10512785
2026-07-07T07:00:44.367783,2026-07-07T07:00:44.379736+00:00,153.9,12,ask,,,10512801
2026-07-07T07:00:44.367783,2026-07-07T07:00:44.379736+00:00,153.9,13,ask,,,10512802
2026-07-07T07:00:44.384849,2026-07-07T07:00:44.396411+00:00,154.3,44,bid,,,10512803
2026-07-07T07:00:45.140899,2026-07-07T07:00:45.158576+00:00,154.3,25,bid,,,10512829
2026-07-07T07:00:45.702324,2026-07-07T07:00:45.714240+00:00,154.0,25,ask,,,10512836
2026-07-07T07:00:45.702324,2026-07-07T07:00:45.714240+00:00,153.9,25,ask,,,10512837
2026-07-07T07:00:46.423123,2026-07-07T07:00:46.433209+00:00,153.9,25,ask,,,10512853
2026-07-07T07:00:47.180619,2026-07-07T07:00:47.190582+00:00,154.3,25,bid,,,10512869
2026-07-07T07:00:47.431016,2026-07-07T07:00:47.442791+00:00,154.1,100,ask,,,10512879
2026-07-07T07:00:47.445078,2026-07-07T07:00:47.458696+00:00,154.1,11,bid,,,10512880
2026-07-07T07:00:47.732149,2026-07-07T07:00:47.741065+00:00,154.0,10,bid,,,10512885
2026-07-07T07:00:47.761792,2026-07-07T07:00:47.772369+00:00,154.1,39,bid,,,10512891
2026-07-07T07:00:47.761792,2026-07-07T07:00:47.772369+00:00,154.3,11,bid,,,10512892
2026-07-07T07:00:48.999063,2026-07-07T07:00:49.006544+00:00,153.9,11,ask,,,10512912
2026-07-07T07:00:48.999063,2026-07-07T07:00:49.011811+00:00,153.9,4,ask,,,10512913
2026-07-07T07:00:49.656924,2026-07-07T07:00:49.668952+00:00,154.4,49,bid,,,10512932
2026-07-07T07:00:49.775992,2026-07-07T07:00:49.785432+00:00,154.4,1,bid,,,10512934
2026-07-07T07:00:49.775992,2026-07-07T07:00:49.785432+00:00,154.4,12,bid,,,10512935
2026-07-07T07:00:49.775992,2026-07-07T07:00:49.785432+00:00,154.5,12,bid,,,10512936
2026-07-07T07:00:50.370473,2026-07-07T07:00:50.378094+00:00,154.1,25,ask,,,10512946
2026-07-07T07:00:50.602685,2026-07-07T07:00:50.611298+00:00,154.3,100,ask,,,10512951
2026-07-07T07:00:51.159157,2026-07-07T07:00:51.168683+00:00,154.3,50,ask,,,10512962
2026-07-07T07:00:51.973048,2026-07-07T07:00:51.985007+00:00,154.5,12,bid,,,10512988
2026-07-07T07:00:51.973048,2026-07-07T07:00:51.985007+00:00,154.6,20,bid,,,10512989
2026-07-07T07:00:51.973048,2026-07-07T07:00:51.985007+00:00,154.8,18,bid,,,10512990
2026-07-07T07:00:52.831922,2026-07-07T07:00:52.839115+00:00,154.4,10,ask,,,10513005
2026-07-07T07:00:52.831922,2026-07-07T07:00:52.844305+00:00,154.2,12,ask,,,10513006
2026-07-07T07:00:52.831922,2026-07-07T07:00:52.844305+00:00,154.1,23,ask,,,10513007
2026-07-07T07:00:53.761272,2026-07-07T07:00:53.772608+00:00,154.2,10,ask,,,10513026
2026-07-07T07:00:54.085903,2026-07-07T07:00:54.097900+00:00,154.2,50,bid,,,10513039
2026-07-07T07:00:54.345186,2026-07-07T07:00:54.351928+00:00,154.2,25,bid,,,10513044
2026-07-07T07:00:54.696407,2026-07-07T07:00:54.704850+00:00,154.2,40,bid,,,10513048
2026-07-07T07:00:55.836129,2026-07-07T07:00:55.846318+00:00,154.2,1,bid,,,10513071
2026-07-07T07:00:55.891069,2026-07-07T07:00:55.901811+00:00,154.2,24,bid,,,10513074
2026-07-07T07:00:56.076112,2026-07-07T07:00:56.086011+00:00,154.1,25,ask,,,10513078
2026-07-07T07:00:56.193226,2026-07-07T07:00:56.203277+00:00,154.5,10,bid,,,10513079
2026-07-07T07:00:56.193226,2026-07-07T07:00:56.203277+00:00,154.6,40,bid,,,10513080
2026-07-07T07:00:56.870830,2026-07-07T07:00:56.878461+00:00,154.5,10,bid,,,10513103
2026-07-07T07:00:56.885044,2026-07-07T07:00:56.893460+00:00,154.5,11,ask,,,10513104
2026-07-07T07:00:57.049322,2026-07-07T07:00:57.058139+00:00,154.5,11,ask,,,10513107
2026-07-07T07:00:57.355316,2026-07-07T07:00:57.363615+00:00,154.6,10,bid,,,10513109
2026-07-07T07:00:58.350896,2026-07-07T07:00:58.358541+00:00,154.5,50,ask,,,10513131
2026-07-07T07:00:59.089510,2026-07-07T07:00:59.101579+00:00,154.6,10,ask,,,10513148
2026-07-07T07:01:00.090142,2026-07-07T07:01:00.101058+00:00,154.3,10,ask,,,10513163
2026-07-07T07:01:00.407319,2026-07-07T07:01:00.416619+00:00,154.5,10,bid,,,10513169
2026-07-07T07:01:00.407319,2026-07-07T07:01:00.416619+00:00,154.6,40,bid,,,10513170
2026-07-07T07:01:00.735240,2026-07-07T07:01:00.746667+00:00,154.6,10,bid,,,10513173
2026-07-07T07:01:01.823226,2026-07-07T07:01:01.834668+00:00,154.4,45,ask,,,10513188
2026-07-07T07:01:02.365509,2026-07-07T07:01:02.373690+00:00,154.6,25,bid,,,10513204
2026-07-07T07:01:03.832626,2026-07-07T07:01:03.839705+00:00,154.4,40,ask,,,10513220
2026-07-07T07:01:04.055516,2026-07-07T07:01:04.064283+00:00,154.4,10,ask,,,10513223
2026-07-07T07:01:04.055516,2026-07-07T07:01:04.064283+00:00,154.4,15,ask,,,10513224
2026-07-07T07:01:04.669124,2026-07-07T07:01:04.680990+00:00,154.4,50,ask,,,10513238
2026-07-07T07:01:04.819594,2026-07-07T07:01:04.831337+00:00,154.7,25,bid,,,10513243
2026-07-07T07:01:05.288390,2026-07-07T07:01:05.297142+00:00,154.4,45,ask,,,10513251
2026-07-07T07:01:05.409421,2026-07-07T07:01:05.416612+00:00,154.4,25,ask,,,10513257
2026-07-07T07:01:06.431031,2026-07-07T07:01:06.443107+00:00,154.3,12,ask,,,10513280
2026-07-07T07:01:06.431031,2026-07-07T07:01:06.443107+00:00,154.2,47,ask,,,10513281
2026-07-07T07:01:06.431031,2026-07-07T07:01:06.443107+00:00,154.2,91,ask,,,10513282
2026-07-07T07:01:06.789306,2026-07-07T07:01:06.796657+00:00,154.2,9,ask,,,10513292
2026-07-07T07:01:06.789306,2026-07-07T07:01:06.802241+00:00,154.0,20,ask,,,10513293
2026-07-07T07:01:06.789306,2026-07-07T07:01:06.802241+00:00,153.6,21,ask,,,10513294
2026-07-07T07:01:08.236739,2026-07-07T07:01:08.248901+00:00,154.4,25,bid,,,10513321
2026-07-07T07:01:08.823404,2026-07-07T07:01:08.830944+00:00,154.1,25,ask,,,10513337
2026-07-07T07:01:08.890234,2026-07-07T07:01:08.899643+00:00,154.3,10,bid,,,10513340
2026-07-07T07:01:08.898734,2026-07-07T07:01:08.915425+00:00,154.0,10,ask,,,10513342
2026-07-07T07:01:08.898734,2026-07-07T07:01:08.915425+00:00,153.9,20,ask,,,10513343
2026-07-07T07:01:08.898734,2026-07-07T07:01:08.915425+00:00,153.6,20,ask,,,10513344
2026-07-07T07:01:09.463053,2026-07-07T07:01:09.470803+00:00,154.4,25,bid,,,10513361
2026-07-07T07:01:09.540142,2026-07-07T07:01:09.551946+00:00,154.3,1,bid,,,10513368
2026-07-07T07:01:09.802796,2026-07-07T07:01:09.813968+00:00,154.2,12,ask,,,10513374
2026-07-07T07:01:10.126577,2026-07-07T07:01:10.139864+00:00,154.3,1,bid,,,10513379
2026-07-07T07:01:10.713156,2026-07-07T07:01:10.724877+00:00,154.2,25,ask,,,10513389
2026-07-07T07:01:10.957012,2026-07-07T07:01:10.964183+00:00,154.4,50,bid,,,10513393
2026-07-07T07:01:10.987564,2026-07-07T07:01:10.994960+00:00,154.4,12,bid,,,10513394
2026-07-07T07:01:10.987564,2026-07-07T07:01:11.000211+00:00,154.4,20,bid,,,10513395
2026-07-07T07:01:10.987564,2026-07-07T07:01:11.000211+00:00,154.5,13,bid,,,10513396
2026-07-07T07:01:11.630508,2026-07-07T07:01:11.638053+00:00,154.5,47,bid,,,10513406
2026-07-07T07:01:12.603506,2026-07-07T07:01:12.613256+00:00,154.2,40,ask,,,10513420
2026-07-07T07:01:12.799722,2026-07-07T07:01:12.812172+00:00,154.2,11,bid,,,10513428
2026-07-07T07:01:12.882084,2026-07-07T07:01:12.893478+00:00,154.2,25,bid,,,10513433
2026-07-07T07:01:12.895795,2026-07-07T07:01:12.904466+00:00,154.2,25,bid,,,10513435
2026-07-07T07:01:13.065040,2026-07-07T07:01:13.071824+00:00,154.2,50,bid,,,10513437
2026-07-07T07:01:13.104506,2026-07-07T07:01:13.111488+00:00,154.2,13,bid,,,10513439
2026-07-07T07:01:14.323230,2026-07-07T07:01:14.335383+00:00,154.2,26,bid,,,10513463
2026-07-07T07:01:14.323230,2026-07-07T07:01:14.335383+00:00,154.4,20,bid,,,10513464
2026-07-07T07:01:14.323230,2026-07-07T07:01:14.335383+00:00,154.5,1,bid,,,10513465
2026-07-07T07:01:14.595482,2026-07-07T07:01:14.606269+00:00,154.1,25,ask,,,10513481
2026-07-07T07:01:14.783172,2026-07-07T07:01:14.790083+00:00,154.2,10,ask,,,10513483
2026-07-07T07:01:14.783172,2026-07-07T07:01:14.795349+00:00,154.1,25,ask,,,10513484
2026-07-07T07:01:14.783172,2026-07-07T07:01:14.795349+00:00,154.1,8,ask,,,10513485
2026-07-07T07:01:15.173482,2026-07-07T07:01:15.185125+00:00,154.4,10,bid,,,10513498
2026-07-07T07:01:15.173482,2026-07-07T07:01:15.185125+00:00,154.5,11,bid,,,10513499
2026-07-07T07:01:15.173482,2026-07-07T07:01:15.185125+00:00,154.5,29,bid,,,10513500
2026-07-07T07:01:15.696882,2026-07-07T07:01:15.708838+00:00,154.4,10,bid,,,10513504
2026-07-07T07:01:15.696882,2026-07-07T07:01:15.708838+00:00,154.4,20,bid,,,10513505
2026-07-07T07:01:15.696882,2026-07-07T07:01:15.708838+00:00,154.5,10,bid,,,10513506
2026-07-07T07:01:15.796999,2026-07-07T07:01:15.803605+00:00,154.5,10,bid,,,10513513
2026-07-07T07:01:17.286262,2026-07-07T07:01:17.298473+00:00,154.5,50,bid,,,10513550
2026-07-07T07:01:18.578667,2026-07-07T07:01:18.590389+00:00,154.3,48,ask,,,10513567
2026-07-07T07:01:18.864745,2026-07-07T07:01:18.873681+00:00,154.3,22,ask,,,10513568
2026-07-07T07:01:19.330052,2026-07-07T07:01:19.340418+00:00,154.4,11,bid,,,10513580
2026-07-07T07:01:19.393396,2026-07-07T07:01:19.403357+00:00,154.4,50,bid,,,10513582
2026-07-07T07:01:19.486434,2026-07-07T07:01:19.493397+00:00,154.4,25,bid,,,10513591
2026-07-07T07:01:21.192600,2026-07-07T07:01:21.200778+00:00,154.2,12,ask,,,10513634
2026-07-07T07:01:21.794596,2026-07-07T07:01:21.806043+00:00,154.4,42,bid,,,10513646
2026-07-07T07:01:21.849943,2026-07-07T07:01:21.859022+00:00,154.1,42,ask,,,10513649
2026-07-07T07:01:21.906676,2026-07-07T07:01:21.918055+00:00,154.1,8,ask,,,10513651
2026-07-07T07:01:22.216229,2026-07-07T07:01:22.228566+00:00,154.4,12,bid,,,10513659
2026-07-07T07:01:22.216229,2026-07-07T07:01:22.228566+00:00,154.4,20,bid,,,10513660
2026-07-07T07:01:22.216229,2026-07-07T07:01:22.228566+00:00,154.5,50,bid,,,10513661
2026-07-07T07:01:22.288745,2026-07-07T07:01:22.300120+00:00,154.5,23,ask,,,10513662
2026-07-07T07:01:22.291603,2026-07-07T07:01:22.300120+00:00,154.5,45,ask,,,10513663
2026-07-07T07:01:22.625177,2026-07-07T07:01:22.635312+00:00,154.0,5,ask,,,10513675
2026-07-07T07:01:23.680462,2026-07-07T07:01:23.686877+00:00,154.2,50,ask,,,10513697
2026-07-07T07:01:24.230347,2026-07-07T07:01:24.247843+00:00,154.3,10,bid,,,10513705
2026-07-07T07:01:24.326538,2026-07-07T07:01:24.338481+00:00,154.4,10,bid,,,10513711
2026-07-07T07:01:24.869806,2026-07-07T07:01:24.878620+00:00,154.3,2,bid,,,10513721
2026-07-07T07:01:25.553714,2026-07-07T07:01:25.565187+00:00,154.5,27,bid,,,10513736
2026-07-07T07:01:26.138090,2026-07-07T07:01:26.144745+00:00,154.1,25,ask,,,10513744
2026-07-07T07:01:27.147393,2026-07-07T07:01:27.158628+00:00,154.5,40,bid,,,10513768
2026-07-07T07:01:27.900511,2026-07-07T07:01:27.911974+00:00,154.2,12,ask,,,10513789
2026-07-07T07:01:27.900511,2026-07-07T07:01:27.911974+00:00,154.1,25,ask,,,10513790
2026-07-07T07:01:27.900511,2026-07-07T07:01:27.911974+00:00,154.1,13,ask,,,10513791
2026-07-07T07:01:28.487520,2026-07-07T07:01:28.495588+00:00,154.4,3,bid,,,10513799
2026-07-07T07:01:28.547311,2026-07-07T07:01:28.559043+00:00,154.4,7,bid,,,10513804
2026-07-07T07:01:28.564719,2026-07-07T07:01:28.574731+00:00,154.5,50,bid,,,10513805
2026-07-07T07:01:28.564719,2026-07-07T07:01:28.574731+00:00,154.5,20,bid,,,10513806
2026-07-07T07:01:28.859328,2026-07-07T07:01:28.869308+00:00,154.7,10,bid,,,10513811
2026-07-07T07:01:30.009049,2026-07-07T07:01:30.020944+00:00,154.5,30,ask,,,10513833
2026-07-07T07:01:30.009049,2026-07-07T07:01:30.020944+00:00,154.4,20,ask,,,10513834
2026-07-07T07:01:30.693724,2026-07-07T07:01:30.705642+00:00,154.6,10,bid,,,10513847
2026-07-07T07:01:30.693724,2026-07-07T07:01:30.705642+00:00,154.6,12,bid,,,10513848
2026-07-07T07:01:30.991107,2026-07-07T07:01:31.003175+00:00,154.7,10,bid,,,10513852
2026-07-07T07:01:32.151088,2026-07-07T07:01:32.164063+00:00,154.4,12,ask,,,10513872
2026-07-07T07:01:32.151088,2026-07-07T07:01:32.164063+00:00,154.4,20,ask,,,10513873
2026-07-07T07:01:32.151088,2026-07-07T07:01:32.164063+00:00,154.3,18,ask,,,10513874
2026-07-07T07:01:32.222608,2026-07-07T07:01:32.231535+00:00,154.7,12,bid,,,10513876
2026-07-07T07:01:32.222608,2026-07-07T07:01:32.231535+00:00,154.7,13,bid,,,10513877
2026-07-07T07:01:32.813823,2026-07-07T07:01:32.824793+00:00,154.3,25,ask,,,10513885
2026-07-07T07:01:34.261385,2026-07-07T07:01:34.269752+00:00,154.4,10,ask,,,10513919
2026-07-07T07:01:34.261385,2026-07-07T07:01:34.269752+00:00,154.3,40,ask,,,10513920
2026-07-07T07:01:34.618552,2026-07-07T07:01:34.626404+00:00,154.7,15,bid,,,10513925
2026-07-07T07:01:35.208463,2026-07-07T07:01:35.216493+00:00,154.3,25,ask,,,10513937
2026-07-07T07:01:35.965005,2026-07-07T07:01:35.974709+00:00,154.6,25,bid,,,10513950
2026-07-07T07:01:36.402558,2026-07-07T07:01:36.410717+00:00,154.3,25,ask,,,10513960
2026-07-07T07:01:36.402558,2026-07-07T07:01:36.416279+00:00,154.3,25,ask,,,10513961
2026-07-07T07:01:36.550856,2026-07-07T07:01:36.558486+00:00,154.3,25,ask,,,10513964
2026-07-07T07:01:38.093801,2026-07-07T07:01:38.105544+00:00,154.4,10,ask,,,10513986
2026-07-07T07:01:38.231351,2026-07-07T07:01:38.239954+00:00,154.4,25,bid,,,10513995
2026-07-07T07:01:38.511062,2026-07-07T07:01:38.523170+00:00,154.2,12,ask,,,10514004
2026-07-07T07:01:38.511062,2026-07-07T07:01:38.523170+00:00,154.1,20,ask,,,10514005
2026-07-07T07:01:38.511062,2026-07-07T07:01:38.523170+00:00,154.0,18,ask,,,10514006
2026-07-07T07:01:38.757946,2026-07-07T07:01:38.773723+00:00,154.4,11,bid,,,10514010
2026-07-07T07:01:39.962599,2026-07-07T07:01:39.975472+00:00,154.4,11,bid,,,10514022
2026-07-07T07:01:40.054342,2026-07-07T07:01:40.064410+00:00,154.4,25,bid,,,10514030
2026-07-07T07:01:40.219063,2026-07-07T07:01:40.230769+00:00,154.2,20,ask,,,10514031
2026-07-07T07:01:40.219063,2026-07-07T07:01:40.230769+00:00,154.0,26,ask,,,10514032
2026-07-07T07:01:40.273547,2026-07-07T07:01:40.281835+00:00,154.4,15,bid,,,10514035
2026-07-07T07:01:40.467969,2026-07-07T07:01:40.476208+00:00,154.0,25,ask,,,10514043
2026-07-07T07:01:40.595432,2026-07-07T07:01:40.613793+00:00,154.3,10,bid,,,10514047
2026-07-07T07:01:40.641360,2026-07-07T07:01:40.650075+00:00,154.4,3,bid,,,10514052
2026-07-07T07:01:40.709202,2026-07-07T07:01:40.717955+00:00,154.2,8,ask,,,10514061
2026-07-07T07:01:40.709202,2026-07-07T07:01:40.717955+00:00,154.1,10,ask,,,10514062
2026-07-07T07:01:41.110613,2026-07-07T07:01:41.121685+00:00,154.0,10,ask,,,10514072
2026-07-07T07:01:41.268258,2026-07-07T07:01:41.279105+00:00,154.2,100,ask,,,10514076
2026-07-07T07:01:41.748842,2026-07-07T07:01:41.758578+00:00,154.5,25,bid,,,10514081
2026-07-07T07:01:42.701912,2026-07-07T07:01:42.713729+00:00,154.5,50,bid,,,10514094
2026-07-07T07:01:44.132732,2026-07-07T07:01:44.144566+00:00,154.6,10,bid,,,10514121
2026-07-07T07:01:44.132732,2026-07-07T07:01:44.144566+00:00,154.7,35,bid,,,10514122
2026-07-07T07:01:44.472416,2026-07-07T07:01:44.483973+00:00,154.7,10,bid,,,10514128
2026-07-07T07:01:44.597070,2026-07-07T07:01:44.605944+00:00,154.7,2,bid,,,10514131
2026-07-07T07:01:44.597070,2026-07-07T07:01:44.605944+00:00,154.8,40,bid,,,10514132
2026-07-07T07:01:44.819103,2026-07-07T07:01:44.833718+00:00,154.8,50,bid,,,10514140
2026-07-07T07:01:45.057845,2026-07-07T07:01:45.065304+00:00,154.4,25,ask,,,10514148
2026-07-07T07:01:45.813926,2026-07-07T07:01:45.825442+00:00,154.8,25,bid,,,10514161
2026-07-07T07:01:46.979999,2026-07-07T07:01:46.987494+00:00,154.6,38,ask,,,10514176
2026-07-07T07:01:46.979999,2026-07-07T07:01:46.992649+00:00,154.6,9,ask,,,10514177
2026-07-07T07:01:46.979999,2026-07-07T07:01:46.992649+00:00,154.4,3,ask,,,10514178
2026-07-07T07:01:47.533368,2026-07-07T07:01:47.542220+00:00,154.7,10,bid,,,10514195
2026-07-07T07:01:47.533368,2026-07-07T07:01:47.542220+00:00,154.9,50,bid,,,10514196
2026-07-07T07:01:47.533368,2026-07-07T07:01:47.547490+00:00,154.9,12,bid,,,10514197
2026-07-07T07:01:47.533368,2026-07-07T07:01:47.547490+00:00,154.9,20,bid,,,10514198
2026-07-07T07:01:47.594723,2026-07-07T07:01:47.607607+00:00,154.9,58,ask,,,10514204
2026-07-07T07:01:48.659477,2026-07-07T07:01:48.669570+00:00,154.6,15,ask,,,10514226
2026-07-07T07:01:49.120315,2026-07-07T07:01:49.131868+00:00,154.6,50,ask,,,10514233
2026-07-07T07:01:50.882818,2026-07-07T07:01:50.890438+00:00,154.8,25,bid,,,10514260
2026-07-07T07:01:51.175446,2026-07-07T07:01:51.187317+00:00,154.8,50,bid,,,10514267
2026-07-07T07:01:51.544598,2026-07-07T07:01:51.554274+00:00,154.6,25,ask,,,10514280
2026-07-07T07:01:51.843345,2026-07-07T07:01:51.854546+00:00,154.6,5,ask,,,10514287
2026-07-07T07:01:51.843345,2026-07-07T07:01:51.854546+00:00,154.5,38,ask,,,10514288
2026-07-07T07:01:52.316830,2026-07-07T07:01:52.323962+00:00,154.7,10,bid,,,10514300
2026-07-07T07:01:52.736860,2026-07-07T07:01:52.747037+00:00,154.8,25,bid,,,10514310
2026-07-07T07:01:52.754442,2026-07-07T07:01:52.764660+00:00,154.8,12,bid,,,10514312
2026-07-07T07:01:52.763682,2026-07-07T07:01:52.779906+00:00,154.8,10,bid,,,10514315
2026-07-07T07:01:52.844893,2026-07-07T07:01:52.856599+00:00,154.8,10,bid,,,10514320
2026-07-07T07:01:53.336192,2026-07-07T07:01:53.343432+00:00,154.5,50,ask,,,10514325
2026-07-07T07:01:53.865549,2026-07-07T07:01:53.887756+00:00,154.9,50,bid,,,10514334
2026-07-07T07:01:53.879350,2026-07-07T07:01:53.887756+00:00,154.9,12,ask,,,10514336
2026-07-07T07:01:53.952980,2026-07-07T07:01:53.960982+00:00,154.9,88,ask,,,10514345
2026-07-07T07:01:53.968532,2026-07-07T07:01:53.977053+00:00,154.7,12,ask,,,10514348
2026-07-07T07:01:53.968532,2026-07-07T07:01:53.977053+00:00,154.4,31,ask,,,10514349
2026-07-07T07:01:54.669021,2026-07-07T07:01:54.676457+00:00,154.7,25,ask,,,10514367
2026-07-07T07:01:55.083127,2026-07-07T07:01:55.090865+00:00,154.9,12,bid,,,10514383
2026-07-07T07:01:55.083127,2026-07-07T07:01:55.095900+00:00,154.9,33,bid,,,10514384
2026-07-07T07:01:55.324864,2026-07-07T07:01:55.336433+00:00,154.9,17,bid,,,10514388
2026-07-07T07:01:55.431664,2026-07-07T07:01:55.439308+00:00,155.0,8,bid,,,10514390
2026-07-07T07:01:56.021108,2026-07-07T07:01:56.031248+00:00,154.7,25,ask,,,10514401
2026-07-07T07:01:56.148395,2026-07-07T07:01:56.163979+00:00,155.0,4,bid,,,10514404
2026-07-07T07:01:56.148395,2026-07-07T07:01:56.163979+00:00,155.1,20,bid,,,10514405
2026-07-07T07:01:57.178938,2026-07-07T07:01:57.189051+00:00,154.8,25,bid,,,10514428
2026-07-07T07:01:57.279618,2026-07-07T07:01:57.291309+00:00,154.8,45,bid,,,10514432
2026-07-07T07:01:57.547991,2026-07-07T07:01:57.558391+00:00,154.7,25,ask,,,10514439
2026-07-07T07:01:57.547991,2026-07-07T07:01:57.558391+00:00,154.6,25,ask,,,10514440
2026-07-07T07:01:57.620527,2026-07-07T07:01:57.627673+00:00,154.8,20,bid,,,10514442
2026-07-07T07:02:00.215341,2026-07-07T07:02:00.222926+00:00,154.7,25,ask,,,10514485
2026-07-07T07:02:00.215341,2026-07-07T07:02:00.227938+00:00,154.6,24,ask,,,10514486
2026-07-07T07:02:00.396470,2026-07-07T07:02:00.407808+00:00,154.6,25,ask,,,10514492
2026-07-07T07:02:01.708421,2026-07-07T07:02:01.720181+00:00,154.9,20,bid,,,10514506
2026-07-07T07:02:02.590673,2026-07-07T07:02:02.597499+00:00,154.8,25,bid,,,10514517
2026-07-07T07:02:02.773000,2026-07-07T07:02:02.788172+00:00,154.8,25,bid,,,10514523
2026-07-07T07:02:03.225626,2026-07-07T07:02:03.236114+00:00,154.6,25,ask,,,10514540
2026-07-07T07:02:03.876698,2026-07-07T07:02:03.887536+00:00,154.8,25,bid,,,10514549
2026-07-07T07:02:03.890915,2026-07-07T07:02:03.899059+00:00,154.5,50,ask,,,10514550
2026-07-07T07:02:05.036162,2026-07-07T07:02:05.043286+00:00,154.5,25,ask,,,10514572
2026-07-07T07:02:05.144379,2026-07-07T07:02:05.156084+00:00,154.6,10,ask,,,10514573
2026-07-07T07:02:05.446655,2026-07-07T07:02:05.451525+00:00,154.5,25,ask,,,10514584
2026-07-07T07:02:05.446655,2026-07-07T07:02:05.451525+00:00,154.3,23,ask,,,10514585
2026-07-07T07:02:05.789244,2026-07-07T07:02:05.800873+00:00,154.8,15,bid,,,10514600
2026-07-07T07:02:05.999578,2026-07-07T07:02:06.009427+00:00,154.3,50,ask,,,10514601
2026-07-07T07:02:06.377078,2026-07-07T07:02:06.387435+00:00,154.3,25,ask,,,10514607
2026-07-07T07:02:06.502399,2026-07-07T07:02:06.512358+00:00,154.7,10,bid,,,10514608
2026-07-07T07:02:06.502399,2026-07-07T07:02:06.512358+00:00,154.8,20,bid,,,10514609
2026-07-07T07:02:06.585176,2026-07-07T07:02:06.595449+00:00,154.4,10,ask,,,10514611
2026-07-07T07:02:06.597403,2026-07-07T07:02:06.605938+00:00,154.4,12,bid,,,10514613
2026-07-07T07:02:06.774755,2026-07-07T07:02:06.783342+00:00,154.4,25,bid,,,10514622
2026-07-07T07:02:06.996174,2026-07-07T07:02:07.003047+00:00,154.4,15,bid,,,10514626
2026-07-07T07:02:07.019673,2026-07-07T07:02:07.030813+00:00,154.4,25,bid,,,10514630
2026-07-07T07:02:07.086609,2026-07-07T07:02:07.098330+00:00,154.3,10,bid,,,10514633
2026-07-07T07:02:07.503821,2026-07-07T07:02:07.511750+00:00,154.1,10,ask,,,10514641
2026-07-07T07:02:07.503821,2026-07-07T07:02:07.516762+00:00,154.0,35,ask,,,10514642
2026-07-07T07:02:07.621053,2026-07-07T07:02:07.631516+00:00,154.3,1,bid,,,10514645
2026-07-07T07:02:07.920411,2026-07-07T07:02:07.930243+00:00,154.3,3,bid,,,10514650
2026-07-07T07:02:08.193253,2026-07-07T07:02:08.205173+00:00,154.4,4,bid,,,10514656
2026-07-07T07:02:08.197119,2026-07-07T07:02:08.205173+00:00,154.4,3,bid,,,10514657
2026-07-07T07:02:08.458941,2026-07-07T07:02:08.468650+00:00,154.4,3,bid,,,10514661
2026-07-07T07:02:09.791667,2026-07-07T07:02:09.799719+00:00,154.4,10,ask,,,10514683
2026-07-07T07:02:10.080520,2026-07-07T07:02:10.092026+00:00,154.4,42,bid,,,10514689
2026-07-07T07:02:10.134327,2026-07-07T07:02:10.146257+00:00,154.3,6,ask,,,10514691
2026-07-07T07:02:10.134327,2026-07-07T07:02:10.146257+00:00,154.3,35,ask,,,10514692
2026-07-07T07:02:11.208576,2026-07-07T07:02:11.218145+00:00,154.4,48,bid,,,10514714
2026-07-07T07:02:11.458453,2026-07-07T07:02:11.466040+00:00,154.3,25,ask,,,10514725
2026-07-07T07:02:12.228025,2026-07-07T07:02:12.236277+00:00,154.8,15,bid,,,10514738
2026-07-07T07:02:12.319984,2026-07-07T07:02:12.329843+00:00,154.3,50,ask,,,10514741
2026-07-07T07:02:14.377218,2026-07-07T07:02:14.388970+00:00,154.5,50,bid,,,10514772
2026-07-07T07:02:15.108760,2026-07-07T07:02:15.121487+00:00,154.5,6,bid,,,10514789
2026-07-07T07:02:16.160559,2026-07-07T07:02:16.172430+00:00,154.6,44,ask,,,10514813
2026-07-07T07:02:16.454954,2026-07-07T07:02:16.466406+00:00,154.6,25,ask,,,10514818
2026-07-07T07:02:16.626327,2026-07-07T07:02:16.638341+00:00,154.7,10,ask,,,10514820
2026-07-07T07:02:16.626327,2026-07-07T07:02:16.638341+00:00,154.6,20,ask,,,10514821
2026-07-07T07:02:17.212240,2026-07-07T07:02:17.220031+00:00,155.1,15,bid,,,10514824
2026-07-07T07:02:17.266126,2026-07-07T07:02:17.275328+00:00,155.1,49,bid,,,10514826
2026-07-07T07:02:17.798517,2026-07-07T07:02:17.805108+00:00,154.6,25,ask,,,10514837
2026-07-07T07:02:18.218346,2026-07-07T07:02:18.227866+00:00,154.7,6,ask,,,10514843
2026-07-07T07:02:18.445036,2026-07-07T07:02:18.449995+00:00,155.0,12,bid,,,10514849
2026-07-07T07:02:18.556930,2026-07-07T07:02:18.568481+00:00,155.1,7,bid,,,10514851
2026-07-07T07:02:18.641675,2026-07-07T07:02:18.649899+00:00,154.6,36,ask,,,10514854
2026-07-07T07:02:18.641675,2026-07-07T07:02:18.649899+00:00,154.6,14,ask,,,10514855
2026-07-07T07:02:19.141857,2026-07-07T07:02:19.149068+00:00,154.6,25,ask,,,10514864
2026-07-07T07:02:19.353572,2026-07-07T07:02:19.356654+00:00,154.6,3,bid,,,10514867
2026-07-07T07:02:19.621092,2026-07-07T07:02:19.630884+00:00,154.6,3,bid,,,10514874
2026-07-07T07:02:19.783664,2026-07-07T07:02:19.792271+00:00,154.6,25,bid,,,10514883
2026-07-07T07:02:20.698074,2026-07-07T07:02:20.709719+00:00,154.6,50,bid,,,10514899
2026-07-07T07:02:22.041641,2026-07-07T07:02:22.052183+00:00,154.5,9,ask,,,10514916
2026-07-07T07:02:22.041641,2026-07-07T07:02:22.052183+00:00,154.4,33,ask,,,10514917
2026-07-07T07:02:22.805795,2026-07-07T07:02:22.817678+00:00,154.7,10,bid,,,10514937
2026-07-07T07:02:22.805795,2026-07-07T07:02:22.817678+00:00,154.8,40,bid,,,10514938
2026-07-07T07:02:23.069969,2026-07-07T07:02:23.077927+00:00,154.8,10,bid,,,10514951
2026-07-07T07:02:24.912727,2026-07-07T07:02:24.924616+00:00,154.7,10,bid,,,10514984
2026-07-07T07:02:24.912727,2026-07-07T07:02:24.924616+00:00,154.8,40,bid,,,10514985
2026-07-07T07:02:25.223772,2026-07-07T07:02:25.234309+00:00,154.8,10,bid,,,10514997
2026-07-07T07:02:26.846003,2026-07-07T07:02:26.857649+00:00,154.6,25,ask,,,10515029
2026-07-07T07:02:27.023045,2026-07-07T07:02:27.031361+00:00,154.9,10,bid,,,10515033
2026-07-07T07:02:27.023045,2026-07-07T07:02:27.036767+00:00,155.0,12,bid,,,10515034
2026-07-07T07:02:27.023045,2026-07-07T07:02:27.036767+00:00,155.0,28,bid,,,10515035
2026-07-07T07:02:27.488111,2026-07-07T07:02:27.499853+00:00,155.0,10,bid,,,10515042
2026-07-07T07:02:27.849682,2026-07-07T07:02:27.858547+00:00,155.0,44,bid,,,10515051
2026-07-07T07:02:28.042276,2026-07-07T07:02:28.056473+00:00,154.7,10,ask,,,10515053
2026-07-07T07:02:28.978006,2026-07-07T07:02:28.987653+00:00,154.6,1,ask,,,10515068
2026-07-07T07:02:29.141243,2026-07-07T07:02:29.158580+00:00,154.9,50,bid,,,10515073
2026-07-07T07:02:29.193092,2026-07-07T07:02:29.203928+00:00,154.6,10,ask,,,10515075
2026-07-07T07:02:31.253712,2026-07-07T07:02:31.263908+00:00,154.8,12,bid,,,10515106
2026-07-07T07:02:31.253712,2026-07-07T07:02:31.263908+00:00,154.8,20,bid,,,10515107
2026-07-07T07:02:31.253712,2026-07-07T07:02:31.263908+00:00,154.9,18,bid,,,10515108
2026-07-07T07:02:31.598834,2026-07-07T07:02:31.609278+00:00,154.6,12,ask,,,10515117
2026-07-07T07:02:32.937035,2026-07-07T07:02:32.947876+00:00,154.8,25,bid,,,10515142
2026-07-07T07:02:33.362344,2026-07-07T07:02:33.369004+00:00,154.8,25,bid,,,10515153
2026-07-07T07:02:33.362344,2026-07-07T07:02:33.374239+00:00,154.9,25,bid,,,10515154
2026-07-07T07:02:33.611071,2026-07-07T07:02:33.632956+00:00,154.6,44,ask,,,10515162
2026-07-07T07:02:35.121141,2026-07-07T07:02:35.132068+00:00,154.7,25,ask,,,10515189
2026-07-07T07:02:35.469970,2026-07-07T07:02:35.481583+00:00,155.0,12,bid,,,10515192
2026-07-07T07:02:35.469970,2026-07-07T07:02:35.481583+00:00,155.1,38,bid,,,10515193
2026-07-07T07:02:37.577426,2026-07-07T07:02:37.584735+00:00,155.0,20,bid,,,10515231
2026-07-07T07:02:37.577426,2026-07-07T07:02:37.589736+00:00,155.1,12,bid,,,10515232
2026-07-07T07:02:37.577426,2026-07-07T07:02:37.589736+00:00,155.1,18,bid,,,10515233
2026-07-07T07:02:37.704792,2026-07-07T07:02:37.716292+00:00,155.1,47,bid,,,10515237
2026-07-07T07:02:38.238774,2026-07-07T07:02:38.247923+00:00,154.9,11,ask,,,10515248
2026-07-07T07:02:39.688162,2026-07-07T07:02:39.700087+00:00,155.1,50,bid,,,10515270
2026-07-07T07:02:40.145469,2026-07-07T07:02:40.158565+00:00,154.9,49,ask,,,10515275
2026-07-07T07:02:41.797951,2026-07-07T07:02:41.806681+00:00,155.0,10,bid,,,10515305
2026-07-07T07:02:41.797951,2026-07-07T07:02:41.806681+00:00,155.1,12,bid,,,10515306
2026-07-07T07:02:41.797951,2026-07-07T07:02:41.812170+00:00,155.1,20,bid,,,10515307
2026-07-07T07:02:41.797951,2026-07-07T07:02:41.812170+00:00,155.2,8,bid,,,10515308
2026-07-07T07:02:41.989733,2026-07-07T07:02:41.999233+00:00,155.2,10,bid,,,10515314
2026-07-07T07:02:43.067636,2026-07-07T07:02:43.079541+00:00,155.2,47,bid,,,10515332
2026-07-07T07:02:46.066852,2026-07-07T07:02:46.077354+00:00,155.0,50,ask,,,10515406
2026-07-07T07:02:48.172396,2026-07-07T07:02:48.179062+00:00,154.9,50,ask,,,10515456
2026-07-07T07:02:49.581122,2026-07-07T07:02:49.587854+00:00,154.9,41,ask,,,10515473
2026-07-07T07:02:50.240900,2026-07-07T07:02:50.252094+00:00,155.1,12,bid,,,10515481
2026-07-07T07:02:50.240900,2026-07-07T07:02:50.252094+00:00,155.2,38,bid,,,10515482
2026-07-07T07:02:51.029221,2026-07-07T07:02:51.040875+00:00,154.9,45,ask,,,10515500
2026-07-07T07:02:52.404805,2026-07-07T07:02:52.415128+00:00,154.9,50,ask,,,10515522
2026-07-07T07:02:52.583164,2026-07-07T07:02:52.592042+00:00,154.9,5,ask,,,10515531
2026-07-07T07:02:53.131026,2026-07-07T07:02:53.140941+00:00,154.8,41,ask,,,10515538
2026-07-07T07:02:53.669242,2026-07-07T07:02:53.680966+00:00,154.9,20,bid,,,10515545
2026-07-07T07:02:53.669242,2026-07-07T07:02:53.680966+00:00,155.0,12,bid,,,10515546
2026-07-07T07:02:53.669242,2026-07-07T07:02:53.680966+00:00,155.1,17,bid,,,10515547
2026-07-07T07:02:54.233959,2026-07-07T07:02:54.246847+00:00,155.0,40,bid,,,10515569
2026-07-07T07:02:54.460574,2026-07-07T07:02:54.472559+00:00,155.0,10,bid,,,10515577
2026-07-07T07:02:54.460574,2026-07-07T07:02:54.477770+00:00,155.0,40,bid,,,10515578
2026-07-07T07:02:55.520719,2026-07-07T07:02:55.530967+00:00,155.0,25,bid,,,10515595
2026-07-07T07:02:55.809899,2026-07-07T07:02:55.821830+00:00,155.0,35,bid,,,10515600
2026-07-07T07:02:55.809899,2026-07-07T07:02:55.821830+00:00,155.1,12,bid,,,10515601
2026-07-07T07:02:55.866196,2026-07-07T07:02:55.877936+00:00,154.8,12,ask,,,10515602
2026-07-07T07:02:55.866196,2026-07-07T07:02:55.877936+00:00,154.7,32,ask,,,10515603
2026-07-07T07:02:56.160832,2026-07-07T07:02:56.169717+00:00,154.7,18,ask,,,10515613
2026-07-07T07:02:56.580356,2026-07-07T07:02:56.589895+00:00,155.1,50,bid,,,10515624
2026-07-07T07:02:56.904923,2026-07-07T07:02:56.919047+00:00,154.6,41,ask,,,10515627
2026-07-07T07:02:56.913809,2026-07-07T07:02:56.924295+00:00,154.6,7,ask,,,10515628
2026-07-07T07:02:57.887958,2026-07-07T07:02:57.894851+00:00,154.9,43,ask,,,10515648
2026-07-07T07:02:58.706747,2026-07-07T07:02:58.716807+00:00,155.0,50,bid,,,10515658
2026-07-07T07:03:00.540084,2026-07-07T07:03:00.549399+00:00,155.1,12,bid,,,10515697
2026-07-07T07:03:00.540084,2026-07-07T07:03:00.549399+00:00,155.1,36,bid,,,10515698
2026-07-07T07:03:00.641310,2026-07-07T07:03:00.649161+00:00,155.0,10,ask,,,10515701
2026-07-07T07:03:00.701339,2026-07-07T07:03:00.712963+00:00,155.2,10,bid,,,10515704
2026-07-07T07:03:00.867124,2026-07-07T07:03:00.873972+00:00,155.0,40,ask,,,10515709
2026-07-07T07:03:00.867124,2026-07-07T07:03:00.879134+00:00,154.8,10,ask,,,10515710
2026-07-07T07:03:02.359252,2026-07-07T07:03:02.369542+00:00,155.1,25,bid,,,10515739
2026-07-07T07:03:02.497285,2026-07-07T07:03:02.509821+00:00,155.1,25,bid,,,10515747
2026-07-07T07:03:02.497285,2026-07-07T07:03:02.509821+00:00,155.2,15,bid,,,10515748
2026-07-07T07:03:03.003807,2026-07-07T07:03:03.010363+00:00,154.9,12,ask,,,10515751
2026-07-07T07:03:03.003807,2026-07-07T07:03:03.010363+00:00,154.8,38,ask,,,10515752
2026-07-07T07:03:03.070281,2026-07-07T07:03:03.079959+00:00,155.2,44,bid,,,10515755
2026-07-07T07:03:03.561797,2026-07-07T07:03:03.575184+00:00,155.2,12,bid,,,10515763
2026-07-07T07:03:03.727636,2026-07-07T07:03:03.739184+00:00,155.2,25,ask,,,10515770
2026-07-07T07:03:04.183725,2026-07-07T07:03:04.195119+00:00,155.2,49,ask,,,10515776
2026-07-07T07:03:04.301559,2026-07-07T07:03:04.315481+00:00,155.2,6,ask,,,10515780
2026-07-07T07:03:04.415506,2026-07-07T07:03:04.424821+00:00,155.2,35,ask,,,10515788
2026-07-07T07:03:04.458405,2026-07-07T07:03:04.468491+00:00,155.2,23,ask,,,10515791
2026-07-07T07:03:04.695142,2026-07-07T07:03:04.704734+00:00,155.0,25,ask,,,10515797
2026-07-07T07:03:04.915407,2026-07-07T07:03:04.926885+00:00,155.0,25,ask,,,10515803
2026-07-07T07:03:05.060982,2026-07-07T07:03:05.072805+00:00,155.0,20,bid,,,10515805
2026-07-07T07:03:05.060982,2026-07-07T07:03:05.072805+00:00,155.0,12,bid,,,10515806
2026-07-07T07:03:05.137239,2026-07-07T07:03:05.158621+00:00,154.9,25,ask,,,10515808
2026-07-07T07:03:05.404424,2026-07-07T07:03:05.417293+00:00,154.9,2,ask,,,10515815
2026-07-07T07:03:05.719570,2026-07-07T07:03:05.727998+00:00,155.3,12,bid,,,10515824
2026-07-07T07:03:06.388850,2026-07-07T07:03:06.398095+00:00,155.2,10,bid,,,10515839
2026-07-07T07:03:06.790793,2026-07-07T07:03:06.807155+00:00,155.1,10,ask,,,10515854
2026-07-07T07:03:06.790793,2026-07-07T07:03:06.807155+00:00,155.0,12,ask,,,10515855
2026-07-07T07:03:06.797756,2026-07-07T07:03:06.807155+00:00,155.0,1,bid,,,10515856
2026-07-07T07:03:06.808167,2026-07-07T07:03:06.817622+00:00,155.0,23,bid,,,10515858
2026-07-07T07:03:06.956755,2026-07-07T07:03:06.952156+00:00,155.0,25,bid,,,10515866
2026-07-07T07:03:07.244770,2026-07-07T07:03:07.253610+00:00,154.9,20,ask,,,10515870
2026-07-07T07:03:08.188583,2026-07-07T07:03:08.200338+00:00,155.0,49,bid,,,10515885
2026-07-07T07:03:08.244863,2026-07-07T07:03:08.258589+00:00,154.8,12,ask,,,10515886
2026-07-07T07:03:08.244863,2026-07-07T07:03:08.258589+00:00,154.8,20,ask,,,10515887
2026-07-07T07:03:08.244863,2026-07-07T07:03:08.258589+00:00,154.7,17,ask,,,10515888
2026-07-07T07:03:08.756766,2026-07-07T07:03:08.768497+00:00,155.0,30,bid,,,10515916
2026-07-07T07:03:08.756766,2026-07-07T07:03:08.768497+00:00,155.2,16,bid,,,10515917
2026-07-07T07:03:08.814131,2026-07-07T07:03:08.826165+00:00,154.9,20,ask,,,10515921
2026-07-07T07:03:08.814131,2026-07-07T07:03:08.826165+00:00,154.7,28,ask,,,10515922
2026-07-07T07:03:09.139641,2026-07-07T07:03:09.147159+00:00,154.8,20,ask,,,10515931
2026-07-07T07:03:09.299630,2026-07-07T07:03:09.311368+00:00,155.2,50,bid,,,10515935
2026-07-07T07:03:09.403692,2026-07-07T07:03:09.412840+00:00,154.7,43,ask,,,10515937
2026-07-07T07:03:09.846646,2026-07-07T07:03:09.852386+00:00,154.7,5,ask,,,10515947
2026-07-07T07:03:09.904243,2026-07-07T07:03:09.914047+00:00,155.1,10,ask,,,10515950
2026-07-07T07:03:09.954093,2026-07-07T07:03:09.963101+00:00,155.1,100,ask,,,10515953
2026-07-07T07:03:09.963004,2026-07-07T07:03:09.973358+00:00,155.2,10,bid,,,10515954
2026-07-07T07:03:10.223456,2026-07-07T07:03:10.233430+00:00,155.1,11,ask,,,10515963
2026-07-07T07:03:10.353674,2026-07-07T07:03:10.352782+00:00,155.1,25,ask,,,10515968
2026-07-07T07:03:10.577504,2026-07-07T07:03:10.584328+00:00,155.1,4,ask,,,10515972
2026-07-07T07:03:11.408633,2026-07-07T07:03:11.423189+00:00,155.1,10,bid,,,10515995
2026-07-07T07:03:11.408633,2026-07-07T07:03:11.423189+00:00,155.2,2,bid,,,10515996
2026-07-07T07:03:11.408633,2026-07-07T07:03:11.423189+00:00,155.2,20,bid,,,10515997
2026-07-07T07:03:11.408633,2026-07-07T07:03:11.428477+00:00,155.3,18,bid,,,10515998
2026-07-07T07:03:11.612009,2026-07-07T07:03:11.623586+00:00,155.3,1,bid,,,10516004
2026-07-07T07:03:11.612009,2026-07-07T07:03:11.623586+00:00,155.3,9,bid,,,10516005
2026-07-07T07:03:13.119428,2026-07-07T07:03:13.128694+00:00,154.8,50,ask,,,10516033
2026-07-07T07:03:13.130057,2026-07-07T07:03:13.138802+00:00,154.8,11,bid,,,10516035
2026-07-07T07:03:13.265316,2026-07-07T07:03:13.275000+00:00,154.8,25,bid,,,10516039
2026-07-07T07:03:13.522892,2026-07-07T07:03:13.529619+00:00,154.8,50,bid,,,10516044
2026-07-07T07:03:14.575541,2026-07-07T07:03:14.584018+00:00,154.8,14,bid,,,10516064
2026-07-07T07:03:14.575541,2026-07-07T07:03:14.589000+00:00,155.1,29,bid,,,10516065
2026-07-07T07:03:14.950244,2026-07-07T07:03:14.958573+00:00,154.7,25,ask,,,10516073
2026-07-07T07:03:15.217632,2026-07-07T07:03:15.229725+00:00,154.8,10,ask,,,10516085
2026-07-07T07:03:15.217632,2026-07-07T07:03:15.229725+00:00,154.7,33,ask,,,10516086
2026-07-07T07:03:15.630082,2026-07-07T07:03:15.642090+00:00,155.1,21,bid,,,10516093
2026-07-07T07:03:15.630082,2026-07-07T07:03:15.642090+00:00,155.2,29,bid,,,10516094
2026-07-07T07:03:16.176994,2026-07-07T07:03:16.185966+00:00,154.7,10,ask,,,10516111
2026-07-07T07:03:17.740656,2026-07-07T07:03:17.744921+00:00,155.2,50,bid,,,10516139
2026-07-07T07:03:19.395433,2026-07-07T07:03:19.402759+00:00,155.2,12,bid,,,10516171
2026-07-07T07:03:19.395433,2026-07-07T07:03:19.407953+00:00,155.2,50,bid,,,10516172
2026-07-07T07:03:19.520339,2026-07-07T07:03:19.529854+00:00,155.6,25,bid,,,10516175
2026-07-07T07:03:20.106859,2026-07-07T07:03:20.114141+00:00,155.3,25,ask,,,10516182
2026-07-07T07:03:22.021533,2026-07-07T07:03:22.033375+00:00,155.3,50,ask,,,10516228
2026-07-07T07:03:22.611907,2026-07-07T07:03:22.619810+00:00,155.3,50,ask,,,10516235
2026-07-07T07:03:22.822925,2026-07-07T07:03:22.834190+00:00,155.3,25,bid,,,10516243
2026-07-07T07:03:23.973584,2026-07-07T07:03:23.982572+00:00,155.2,25,ask,,,10516258
2026-07-07T07:03:24.078074,2026-07-07T07:03:24.089815+00:00,155.3,50,bid,,,10516262
2026-07-07T07:03:24.343347,2026-07-07T07:03:24.354931+00:00,155.2,40,ask,,,10516267
2026-07-07T07:03:24.610153,2026-07-07T07:03:24.616629+00:00,155.3,25,bid,,,10516274
2026-07-07T07:03:24.891174,2026-07-07T07:03:24.903132+00:00,155.5,47,bid,,,10516276
2026-07-07T07:03:25.248677,2026-07-07T07:03:25.258572+00:00,155.2,25,ask,,,10516284
2026-07-07T07:03:25.883503,2026-07-07T07:03:25.891608+00:00,155.4,47,ask,,,10516306
2026-07-07T07:03:26.213445,2026-07-07T07:03:26.225461+00:00,155.5,3,bid,,,10516308
2026-07-07T07:03:26.213445,2026-07-07T07:03:26.225461+00:00,155.5,12,bid,,,10516309
2026-07-07T07:03:26.213445,2026-07-07T07:03:26.225461+00:00,155.5,35,bid,,,10516310
2026-07-07T07:03:26.915076,2026-07-07T07:03:26.923361+00:00,155.5,25,bid,,,10516325
2026-07-07T07:03:28.381221,2026-07-07T07:03:28.389667+00:00,155.4,50,ask,,,10516349
2026-07-07T07:03:28.597972,2026-07-07T07:03:28.608781+00:00,155.4,25,ask,,,10516355
2026-07-07T07:03:30.487407,2026-07-07T07:03:30.497778+00:00,155.3,50,ask,,,10516382
2026-07-07T07:03:32.337778,2026-07-07T07:03:32.344959+00:00,155.4,25,bid,,,10516418
2026-07-07T07:03:32.340934,2026-07-07T07:03:32.350279+00:00,155.4,50,bid,,,10516419
2026-07-07T07:03:32.506739,2026-07-07T07:03:32.519328+00:00,155.4,43,bid,,,10516423
2026-07-07T07:03:32.628155,2026-07-07T07:03:32.637522+00:00,155.3,12,ask,,,10516428
2026-07-07T07:03:32.628155,2026-07-07T07:03:32.637522+00:00,155.3,20,ask,,,10516429
2026-07-07T07:03:35.054466,2026-07-07T07:03:35.058603+00:00,155.3,25,ask,,,10516471
2026-07-07T07:03:36.195160,2026-07-07T07:03:36.206991+00:00,155.6,12,bid,,,10516493
2026-07-07T07:03:36.195160,2026-07-07T07:03:36.206991+00:00,155.6,31,bid,,,10516494
2026-07-07T07:03:36.792283,2026-07-07T07:03:36.804241+00:00,155.6,50,bid,,,10516509
2026-07-07T07:03:38.175514,2026-07-07T07:03:38.184268+00:00,155.4,49,ask,,,10516522
2026-07-07T07:03:38.737402,2026-07-07T07:03:38.746685+00:00,155.4,10,ask,,,10516528
2026-07-07T07:03:39.068200,2026-07-07T07:03:39.076926+00:00,155.3,25,ask,,,10516538
2026-07-07T07:03:39.068200,2026-07-07T07:03:39.076926+00:00,155.3,12,ask,,,10516539
2026-07-07T07:03:39.068200,2026-07-07T07:03:39.082219+00:00,155.3,6,ask,,,10516540
2026-07-07T07:03:39.902698,2026-07-07T07:03:39.911214+00:00,155.3,10,ask,,,10516557
2026-07-07T07:03:40.009380,2026-07-07T07:03:40.018033+00:00,155.5,10,bid,,,10516561
2026-07-07T07:03:40.594171,2026-07-07T07:03:40.601488+00:00,155.3,10,ask,,,10516571
2026-07-07T07:03:40.674463,2026-07-07T07:03:40.689016+00:00,155.4,1,ask,,,10516573
2026-07-07T07:03:40.730319,2026-07-07T07:03:40.737062+00:00,155.4,9,ask,,,10516576
2026-07-07T07:03:41.824572,2026-07-07T07:03:41.835536+00:00,155.3,10,ask,,,10516596
2026-07-07T07:03:45.268809,2026-07-07T07:03:45.280644+00:00,155.2,12,ask,,,10516646
2026-07-07T07:03:45.268809,2026-07-07T07:03:45.280644+00:00,155.2,25,ask,,,10516647
2026-07-07T07:03:45.268809,2026-07-07T07:03:45.280644+00:00,155.1,13,ask,,,10516648
2026-07-07T07:03:47.328430,2026-07-07T07:03:47.340859+00:00,155.4,50,bid,,,10516689
2026-07-07T07:03:49.490484,2026-07-07T07:03:49.502018+00:00,155.2,50,ask,,,10516728
2026-07-07T07:03:50.031623,2026-07-07T07:03:50.043407+00:00,155.5,12,bid,,,10516733
2026-07-07T07:03:50.031623,2026-07-07T07:03:50.043407+00:00,155.5,33,bid,,,10516734
2026-07-07T07:03:51.181108,2026-07-07T07:03:51.192845+00:00,155.3,12,ask,,,10516759
2026-07-07T07:03:51.549770,2026-07-07T07:03:51.560293+00:00,155.5,17,bid,,,10516766
2026-07-07T07:03:51.549770,2026-07-07T07:03:51.560293+00:00,155.6,12,bid,,,10516767
2026-07-07T07:03:51.549770,2026-07-07T07:03:51.560293+00:00,155.6,21,bid,,,10516768
2026-07-07T07:03:55.763263,2026-07-07T07:03:55.775164+00:00,155.5,12,bid,,,10516843
2026-07-07T07:03:56.628476,2026-07-07T07:03:56.636303+00:00,155.6,25,bid,,,10516852
2026-07-07T07:03:57.213420,2026-07-07T07:03:57.220147+00:00,155.4,25,ask,,,10516869
2026-07-07T07:03:57.920788,2026-07-07T07:03:57.930111+00:00,155.4,25,ask,,,10516876
2026-07-07T07:03:57.920788,2026-07-07T07:03:57.930111+00:00,155.3,12,ask,,,10516877
2026-07-07T07:03:57.920788,2026-07-07T07:03:57.935694+00:00,155.3,13,ask,,,10516878
2026-07-07T07:03:59.981069,2026-07-07T07:03:59.988152+00:00,155.6,12,bid,,,10516909
2026-07-07T07:03:59.981069,2026-07-07T07:03:59.993694+00:00,155.7,38,bid,,,10516910
2026-07-07T07:04:01.656536,2026-07-07T07:04:01.668184+00:00,155.4,10,ask,,,10516937
2026-07-07T07:04:02.088576,2026-07-07T07:04:02.098466+00:00,155.6,15,bid,,,10516942
2026-07-07T07:04:02.088576,2026-07-07T07:04:02.098466+00:00,155.7,35,bid,,,10516943
2026-07-07T07:04:02.595120,2026-07-07T07:04:02.604471+00:00,155.3,10,ask,,,10516953
2026-07-07T07:04:04.197860,2026-07-07T07:04:04.207460+00:00,155.5,12,bid,,,10516978
2026-07-07T07:04:04.197860,2026-07-07T07:04:04.207460+00:00,155.5,38,bid,,,10516979
2026-07-07T07:04:06.001102,2026-07-07T07:04:06.013079+00:00,155.5,12,bid,,,10517016
2026-07-07T07:04:06.001102,2026-07-07T07:04:06.013079+00:00,155.6,35,bid,,,10517017
2026-07-07T07:04:08.459664,2026-07-07T07:04:08.471470+00:00,155.2,12,ask,,,10517060
2026-07-07T07:04:08.459664,2026-07-07T07:04:08.471470+00:00,155.2,38,ask,,,10517061
2026-07-07T07:04:09.456455,2026-07-07T07:04:09.463918+00:00,155.2,12,ask,,,10517076
2026-07-07T07:04:09.456455,2026-07-07T07:04:09.469188+00:00,155.2,33,ask,,,10517077
2026-07-07T07:04:12.677105,2026-07-07T07:04:12.684413+00:00,155.2,12,ask,,,10517129
2026-07-07T07:04:12.677105,2026-07-07T07:04:12.689871+00:00,155.0,38,ask,,,10517130
2026-07-07T07:04:14.789066,2026-07-07T07:04:14.798637+00:00,155.2,50,ask,,,10517164
2026-07-07T07:04:15.136693,2026-07-07T07:04:15.144453+00:00,155.4,17,bid,,,10517170
2026-07-07T07:04:15.243354,2026-07-07T07:04:15.255171+00:00,155.5,8,bid,,,10517172
2026-07-07T07:04:15.834908,2026-07-07T07:04:15.843008+00:00,155.2,25,ask,,,10517184
2026-07-07T07:04:16.845719,2026-07-07T07:04:16.858576+00:00,155.5,4,bid,,,10517197
2026-07-07T07:04:16.845719,2026-07-07T07:04:16.858576+00:00,155.6,46,bid,,,10517198
2026-07-07T07:04:17.321117,2026-07-07T07:04:17.328578+00:00,155.5,10,bid,,,10517206
2026-07-07T07:04:17.321117,2026-07-07T07:04:17.334149+00:00,155.5,30,bid,,,10517207
2026-07-07T07:04:17.505074,2026-07-07T07:04:17.512533+00:00,155.5,10,bid,,,10517211
2026-07-07T07:04:18.952145,2026-07-07T07:04:18.958566+00:00,155.5,10,bid,,,10517233
2026-07-07T07:04:18.952145,2026-07-07T07:04:18.958566+00:00,155.6,31,bid,,,10517234
2026-07-07T07:04:18.958266,2026-07-07T07:04:18.970346+00:00,155.6,23,bid,,,10517235
2026-07-07T07:04:18.958266,2026-07-07T07:04:18.970346+00:00,155.7,20,bid,,,10517236
2026-07-07T07:04:18.958266,2026-07-07T07:04:18.970346+00:00,155.8,7,bid,,,10517237
2026-07-07T07:04:20.613280,2026-07-07T07:04:20.625055+00:00,155.4,46,ask,,,10517264
2026-07-07T07:04:21.070194,2026-07-07T07:04:21.085306+00:00,155.6,26,bid,,,10517266
2026-07-07T07:04:21.070194,2026-07-07T07:04:21.085306+00:00,155.7,10,bid,,,10517267
2026-07-07T07:04:21.070194,2026-07-07T07:04:21.085306+00:00,155.8,14,bid,,,10517268
2026-07-07T07:04:21.193055,2026-07-07T07:04:21.201236+00:00,155.6,10,ask,,,10517273
2026-07-07T07:04:21.248286,2026-07-07T07:04:21.259790+00:00,155.8,10,bid,,,10517275
2026-07-07T07:04:21.718330,2026-07-07T07:04:21.726289+00:00,155.7,12,bid,,,10517284
2026-07-07T07:04:21.718330,2026-07-07T07:04:21.731841+00:00,155.8,36,bid,,,10517285
2026-07-07T07:04:22.428102,2026-07-07T07:04:22.437345+00:00,155.4,10,ask,,,10517297
2026-07-07T07:04:23.184167,2026-07-07T07:04:23.195983+00:00,155.7,12,bid,,,10517310
2026-07-07T07:04:23.184167,2026-07-07T07:04:23.195983+00:00,155.8,38,bid,,,10517311
2026-07-07T07:04:24.285011,2026-07-07T07:04:24.293654+00:00,155.6,2,ask,,,10517338
2026-07-07T07:04:24.344065,2026-07-07T07:04:24.352038+00:00,155.6,13,ask,,,10517340
2026-07-07T07:04:25.314051,2026-07-07T07:04:25.322688+00:00,155.8,50,bid,,,10517357
2026-07-07T07:04:25.564469,2026-07-07T07:04:25.576310+00:00,155.6,41,ask,,,10517362
2026-07-07T07:04:26.041803,2026-07-07T07:04:26.050631+00:00,155.5,43,ask,,,10517376
2026-07-07T07:04:27.050152,2026-07-07T07:04:27.058587+00:00,155.8,43,bid,,,10517384
2026-07-07T07:04:27.421217,2026-07-07T07:04:27.432876+00:00,155.7,10,bid,,,10517388
2026-07-07T07:04:27.421217,2026-07-07T07:04:27.432876+00:00,155.8,40,bid,,,10517389
2026-07-07T07:04:27.730407,2026-07-07T07:04:27.739942+00:00,155.7,10,bid,,,10517394
2026-07-07T07:04:28.668824,2026-07-07T07:04:28.676492+00:00,155.5,46,ask,,,10517408
2026-07-07T07:04:28.990241,2026-07-07T07:04:29.009876+00:00,155.7,4,bid,,,10517416
2026-07-07T07:04:32.753447,2026-07-07T07:04:32.762571+00:00,155.8,11,ask,,,10517467
2026-07-07T07:04:33.831622,2026-07-07T07:04:33.843361+00:00,155.8,50,ask,,,10517483
2026-07-07T07:04:35.020997,2026-07-07T07:04:35.032640+00:00,155.9,47,bid,,,10517496
2026-07-07T07:04:35.622636,2026-07-07T07:04:35.630233+00:00,156.1,10,bid,,,10517509
2026-07-07T07:04:35.622636,2026-07-07T07:04:35.635705+00:00,156.2,34,bid,,,10517510
2026-07-07T07:04:35.942511,2026-07-07T07:04:35.954168+00:00,155.9,10,ask,,,10517515
2026-07-07T07:04:35.942511,2026-07-07T07:04:35.954168+00:00,155.8,40,ask,,,10517516
2026-07-07T07:04:38.077623,2026-07-07T07:04:38.089437+00:00,155.8,50,ask,,,10517555
2026-07-07T07:04:38.343153,2026-07-07T07:04:38.363787+00:00,155.9,10,ask,,,10517557
2026-07-07T07:04:38.343153,2026-07-07T07:04:38.363787+00:00,155.8,36,ask,,,10517558
2026-07-07T07:04:38.539793,2026-07-07T07:04:38.549810+00:00,155.8,50,ask,,,10517563
2026-07-07T07:04:38.539793,2026-07-07T07:04:38.549810+00:00,155.5,12,ask,,,10517564
2026-07-07T07:04:38.539793,2026-07-07T07:04:38.549810+00:00,155.5,88,ask,,,10517565
2026-07-07T07:04:39.287262,2026-07-07T07:04:39.295368+00:00,155.5,10,ask,,,10517583
2026-07-07T07:04:39.381704,2026-07-07T07:04:39.390224+00:00,155.6,10,ask,,,10517584
2026-07-07T07:04:39.381704,2026-07-07T07:04:39.395235+00:00,155.5,2,ask,,,10517585
2026-07-07T07:04:39.381704,2026-07-07T07:04:39.395235+00:00,155.5,12,ask,,,10517586
2026-07-07T07:04:40.183734,2026-07-07T07:04:40.190987+00:00,155.5,20,ask,,,10517601
2026-07-07T07:04:40.183734,2026-07-07T07:04:40.196227+00:00,155.0,30,ask,,,10517602
2026-07-07T07:04:40.539039,2026-07-07T07:04:40.550013+00:00,155.4,10,ask,,,10517610
2026-07-07T07:04:41.223636,2026-07-07T07:04:41.233385+00:00,155.7,10,bid,,,10517622
2026-07-07T07:04:41.234585,2026-07-07T07:04:41.243004+00:00,155.8,1,bid,,,10517624
2026-07-07T07:04:41.726756,2026-07-07T07:04:41.736463+00:00,155.8,10,bid,,,10517637
2026-07-07T07:04:42.292203,2026-07-07T07:04:42.300998+00:00,155.6,10,ask,,,10517644
2026-07-07T07:04:42.292203,2026-07-07T07:04:42.300998+00:00,155.5,40,ask,,,10517645
2026-07-07T07:04:43.477023,2026-07-07T07:04:43.485401+00:00,155.6,10,ask,,,10517660
2026-07-07T07:04:44.406565,2026-07-07T07:04:44.420901+00:00,155.5,10,ask,,,10517681
2026-07-07T07:04:44.406565,2026-07-07T07:04:44.420901+00:00,155.5,40,ask,,,10517682
2026-07-07T07:04:45.434267,2026-07-07T07:04:45.444021+00:00,155.8,12,bid,,,10517694
2026-07-07T07:04:45.685272,2026-07-07T07:04:45.692379+00:00,155.8,25,bid,,,10517697
2026-07-07T07:04:46.335668,2026-07-07T07:04:46.345951+00:00,155.5,12,ask,,,10517709
2026-07-07T07:04:46.560124,2026-07-07T07:04:46.568698+00:00,155.4,50,ask,,,10517719
2026-07-07T07:04:46.630090,2026-07-07T07:04:46.638646+00:00,155.7,12,ask,,,10517721
2026-07-07T07:04:46.690655,2026-07-07T07:04:46.697634+00:00,155.7,3,ask,,,10517724
2026-07-07T07:04:46.705698,2026-07-07T07:04:46.713758+00:00,155.7,12,ask,,,10517725
2026-07-07T07:04:46.785507,2026-07-07T07:04:46.794122+00:00,155.7,23,ask,,,10517729
2026-07-07T07:04:47.040342,2026-07-07T07:04:47.051152+00:00,155.4,13,ask,,,10517734
2026-07-07T07:04:48.462879,2026-07-07T07:04:48.474410+00:00,155.5,42,bid,,,10517755
2026-07-07T07:04:48.667201,2026-07-07T07:04:48.675091+00:00,155.3,12,ask,,,10517757
2026-07-07T07:04:48.667201,2026-07-07T07:04:48.680572+00:00,155.2,20,ask,,,10517758
2026-07-07T07:04:48.667201,2026-07-07T07:04:48.680572+00:00,155.1,18,ask,,,10517759
2026-07-07T07:04:48.691935,2026-07-07T07:04:48.701890+00:00,155.4,10,bid,,,10517760
2026-07-07T07:04:49.001179,2026-07-07T07:04:49.007849+00:00,155.5,46,bid,,,10517771
2026-07-07T07:04:49.055667,2026-07-07T07:04:49.057203+00:00,155.2,10,ask,,,10517773
2026-07-07T07:04:49.055667,2026-07-07T07:04:49.057203+00:00,155.1,39,ask,,,10517774
2026-07-07T07:04:49.647695,2026-07-07T07:04:49.658583+00:00,155.2,10,ask,,,10517779
2026-07-07T07:04:49.647695,2026-07-07T07:04:49.658583+00:00,155.2,33,ask,,,10517780
2026-07-07T07:04:50.375990,2026-07-07T07:04:50.385193+00:00,155.2,10,ask,,,10517791
2026-07-07T07:04:50.544198,2026-07-07T07:04:50.552879+00:00,155.3,2,bid,,,10517792
2026-07-07T07:04:50.676881,2026-07-07T07:04:50.686057+00:00,155.3,11,bid,,,10517798
2026-07-07T07:04:50.787639,2026-07-07T07:04:50.799819+00:00,155.2,10,ask,,,10517801
2026-07-07T07:04:50.787639,2026-07-07T07:04:50.799819+00:00,155.2,20,ask,,,10517802
2026-07-07T07:04:50.787639,2026-07-07T07:04:50.799819+00:00,155.1,20,ask,,,10517803
2026-07-07T07:04:51.022688,2026-07-07T07:04:51.031395+00:00,155.3,25,bid,,,10517808
2026-07-07T07:04:51.144611,2026-07-07T07:04:51.158598+00:00,155.3,12,bid,,,10517810
2026-07-07T07:04:52.233111,2026-07-07T07:04:52.240932+00:00,155.3,25,ask,,,10517829
2026-07-07T07:04:52.888735,2026-07-07T07:04:52.898856+00:00,155.3,10,ask,,,10517847
2026-07-07T07:04:52.898684,2026-07-07T07:04:52.910384+00:00,155.3,50,ask,,,10517848
2026-07-07T07:04:53.308252,2026-07-07T07:04:53.327806+00:00,155.3,11,ask,,,10517858
2026-07-07T07:04:53.806203,2026-07-07T07:04:53.817925+00:00,155.4,41,bid,,,10517868
2026-07-07T07:04:54.379491,2026-07-07T07:04:54.390159+00:00,155.2,50,ask,,,10517878
2026-07-07T07:04:54.557717,2026-07-07T07:04:54.568941+00:00,155.2,25,bid,,,10517881
2026-07-07T07:04:55.038696,2026-07-07T07:04:55.046912+00:00,155.0,12,ask,,,10517890
2026-07-07T07:04:55.038696,2026-07-07T07:04:55.046912+00:00,155.0,20,ask,,,10517891
2026-07-07T07:04:55.038696,2026-07-07T07:04:55.058574+00:00,154.9,18,ask,,,10517892
2026-07-07T07:04:55.151096,2026-07-07T07:04:55.159771+00:00,155.1,10,bid,,,10517898
2026-07-07T07:04:55.712214,2026-07-07T07:04:55.724185+00:00,155.2,10,bid,,,10517902
2026-07-07T07:04:56.260803,2026-07-07T07:04:56.278162+00:00,155.1,1,bid,,,10517911
2026-07-07T07:04:56.341480,2026-07-07T07:04:56.350944+00:00,155.1,9,bid,,,10517916
2026-07-07T07:04:56.341480,2026-07-07T07:04:56.350944+00:00,155.2,31,bid,,,10517917
2026-07-07T07:04:56.846925,2026-07-07T07:04:56.856078+00:00,155.2,10,bid,,,10517923
2026-07-07T07:04:57.153717,2026-07-07T07:04:57.165667+00:00,154.9,17,ask,,,10517927
2026-07-07T07:04:57.153717,2026-07-07T07:04:57.165667+00:00,154.9,20,ask,,,10517928
2026-07-07T07:04:57.153717,2026-07-07T07:04:57.165667+00:00,154.8,13,ask,,,10517929
2026-07-07T07:04:57.972793,2026-07-07T07:04:57.981861+00:00,155.2,25,ask,,,10517944
2026-07-07T07:04:58.079949,2026-07-07T07:04:58.091583+00:00,155.3,10,bid,,,10517948
2026-07-07T07:04:58.415499,2026-07-07T07:04:58.427445+00:00,155.2,41,ask,,,10517953
2026-07-07T07:04:58.666746,2026-07-07T07:04:58.675076+00:00,155.3,25,bid,,,10517965
2026-07-07T07:04:59.266421,2026-07-07T07:04:59.278502+00:00,155.2,24,ask,,,10517973
2026-07-07T07:04:59.266421,2026-07-07T07:04:59.278502+00:00,155.1,12,ask,,,10517974
2026-07-07T07:04:59.266421,2026-07-07T07:04:59.278502+00:00,155.0,14,ask,,,10517975
2026-07-07T07:05:01.317922,2026-07-07T07:05:01.326102+00:00,155.1,5,bid,,,10518008
2026-07-07T07:05:01.376226,2026-07-07T07:05:01.384880+00:00,154.9,50,ask,,,10518010
2026-07-07T07:05:01.579294,2026-07-07T07:05:01.591062+00:00,154.9,46,ask,,,10518011
2026-07-07T07:05:02.784117,2026-07-07T07:05:02.791611+00:00,155.1,43,bid,,,10518031
2026-07-07T07:05:03.020394,2026-07-07T07:05:03.031059+00:00,155.1,11,bid,,,10518038
2026-07-07T07:05:03.185816,2026-07-07T07:05:03.194392+00:00,155.1,25,bid,,,10518045
2026-07-07T07:05:03.414272,2026-07-07T07:05:03.425838+00:00,155.1,25,bid,,,10518049
2026-07-07T07:05:03.452718,2026-07-07T07:05:03.469054+00:00,155.1,41,bid,,,10518050
2026-07-07T07:05:03.452718,2026-07-07T07:05:03.469054+00:00,155.1,9,bid,,,10518051
2026-07-07T07:05:03.676966,2026-07-07T07:05:03.685367+00:00,155.1,25,bid,,,10518053
2026-07-07T07:05:03.821077,2026-07-07T07:05:03.838428+00:00,155.1,16,bid,,,10518059
2026-07-07T07:05:03.821077,2026-07-07T07:05:03.838428+00:00,155.3,12,bid,,,10518060
2026-07-07T07:05:03.827404,2026-07-07T07:05:03.838428+00:00,155.3,11,ask,,,10518061
2026-07-07T07:05:03.840429,2026-07-07T07:05:03.849054+00:00,155.3,34,ask,,,10518063
2026-07-07T07:05:03.881290,2026-07-07T07:05:03.892374+00:00,155.3,77,ask,,,10518065
2026-07-07T07:05:03.957658,2026-07-07T07:05:03.964157+00:00,155.0,12,ask,,,10518071
2026-07-07T07:05:03.957658,2026-07-07T07:05:03.969638+00:00,155.0,13,ask,,,10518072
2026-07-07T07:05:04.229498,2026-07-07T07:05:04.238906+00:00,155.1,11,bid,,,10518076
2026-07-07T07:05:05.336773,2026-07-07T07:05:05.348779+00:00,154.9,12,ask,,,10518097
2026-07-07T07:05:05.336773,2026-07-07T07:05:05.348779+00:00,154.8,29,ask,,,10518098
2026-07-07T07:05:05.590630,2026-07-07T07:05:05.600464+00:00,155.1,10,bid,,,10518101
2026-07-07T07:05:05.613411,2026-07-07T07:05:05.621235+00:00,154.9,10,ask,,,10518103
2026-07-07T07:05:05.613411,2026-07-07T07:05:05.626492+00:00,154.8,21,ask,,,10518104
2026-07-07T07:05:06.117858,2026-07-07T07:05:06.126701+00:00,155.1,2,bid,,,10518115
2026-07-07T07:05:06.440798,2026-07-07T07:05:06.454353+00:00,155.1,8,bid,,,10518120
2026-07-07T07:05:06.691183,2026-07-07T07:05:06.699489+00:00,155.2,23,bid,,,10518132
2026-07-07T07:05:06.804372,2026-07-07T07:05:06.816142+00:00,155.2,12,bid,,,10518135
2026-07-07T07:05:07.049042,2026-07-07T07:05:07.060447+00:00,155.1,3,bid,,,10518140
2026-07-07T07:05:07.556812,2026-07-07T07:05:07.566397+00:00,155.1,47,bid,,,10518149
2026-07-07T07:05:08.170621,2026-07-07T07:05:08.182418+00:00,154.9,12,ask,,,10518169
2026-07-07T07:05:08.170621,2026-07-07T07:05:08.182418+00:00,154.9,32,ask,,,10518170
2026-07-07T07:05:08.170621,2026-07-07T07:05:08.182418+00:00,154.9,2,ask,,,10518171
2026-07-07T07:05:09.679733,2026-07-07T07:05:09.691395+00:00,155.1,47,bid,,,10518198
2026-07-07T07:05:09.793828,2026-07-07T07:05:09.805613+00:00,155.1,50,bid,,,10518201
2026-07-07T07:05:10.158698,2026-07-07T07:05:10.169415+00:00,155.2,38,bid,,,10518207
2026-07-07T07:05:10.218133,2026-07-07T07:05:10.228106+00:00,155.4,12,bid,,,10518210
2026-07-07T07:05:10.218133,2026-07-07T07:05:10.228106+00:00,155.4,35,bid,,,10518211
2026-07-07T07:05:10.508625,2026-07-07T07:05:10.516388+00:00,155.2,25,ask,,,10518222
2026-07-07T07:05:12.353063,2026-07-07T07:05:12.362476+00:00,155.2,43,ask,,,10518248
2026-07-07T07:05:14.093513,2026-07-07T07:05:14.105111+00:00,155.1,12,ask,,,10518281
2026-07-07T07:05:14.093513,2026-07-07T07:05:14.105111+00:00,155.0,38,ask,,,10518282
2026-07-07T07:05:14.357439,2026-07-07T07:05:14.371260+00:00,155.2,10,bid,,,10518289
2026-07-07T07:05:14.372552,2026-07-07T07:05:14.382378+00:00,155.3,1,bid,,,10518291
2026-07-07T07:05:14.452747,2026-07-07T07:05:14.459629+00:00,155.3,25,bid,,,10518296
2026-07-07T07:05:14.774225,2026-07-07T07:05:14.781583+00:00,155.3,24,bid,,,10518308
2026-07-07T07:05:14.774225,2026-07-07T07:05:14.786816+00:00,155.3,1,bid,,,10518309
2026-07-07T07:05:14.811566,2026-07-07T07:05:14.823410+00:00,155.1,12,ask,,,10518310
2026-07-07T07:05:14.811566,2026-07-07T07:05:14.823410+00:00,155.0,33,ask,,,10518311
2026-07-07T07:05:14.889602,2026-07-07T07:05:14.901236+00:00,155.3,10,bid,,,10518314
2026-07-07T07:05:15.430607,2026-07-07T07:05:15.440503+00:00,155.2,10,bid,,,10518317
2026-07-07T07:05:15.994072,2026-07-07T07:05:16.006425+00:00,155.3,10,bid,,,10518332
2026-07-07T07:05:16.210489,2026-07-07T07:05:16.218681+00:00,155.1,12,ask,,,10518335
2026-07-07T07:05:16.210489,2026-07-07T07:05:16.223951+00:00,155.0,29,ask,,,10518336
2026-07-07T07:05:16.210489,2026-07-07T07:05:16.223951+00:00,154.8,9,ask,,,10518337
2026-07-07T07:05:16.581697,2026-07-07T07:05:16.588823+00:00,155.1,25,ask,,,10518342
2026-07-07T07:05:18.268451,2026-07-07T07:05:18.280484+00:00,155.3,20,bid,,,10518381
2026-07-07T07:05:18.268451,2026-07-07T07:05:18.280484+00:00,155.4,12,bid,,,10518382
2026-07-07T07:05:18.268451,2026-07-07T07:05:18.280484+00:00,155.4,18,bid,,,10518383
2026-07-07T07:05:19.344801,2026-07-07T07:05:19.358599+00:00,155.3,12,bid,,,10518404
2026-07-07T07:05:19.344801,2026-07-07T07:05:19.358599+00:00,155.3,20,bid,,,10518405
2026-07-07T07:05:19.344801,2026-07-07T07:05:19.358599+00:00,155.4,11,bid,,,10518406
2026-07-07T07:05:20.403696,2026-07-07T07:05:20.413670+00:00,155.3,50,bid,,,10518430
2026-07-07T07:05:20.853566,2026-07-07T07:05:20.858602+00:00,155.1,25,ask,,,10518443
2026-07-07T07:05:20.853566,2026-07-07T07:05:20.858602+00:00,155.0,12,ask,,,10518444
2026-07-07T07:05:20.853566,2026-07-07T07:05:20.858602+00:00,154.9,8,ask,,,10518445
2026-07-07T07:05:21.978354,2026-07-07T07:05:21.990191+00:00,155.4,25,bid,,,10518480
2026-07-07T07:05:21.993327,2026-07-07T07:05:22.001706+00:00,155.4,46,bid,,,10518482
2026-07-07T07:05:22.496291,2026-07-07T07:05:22.505557+00:00,155.4,29,bid,,,10518490
2026-07-07T07:05:22.496291,2026-07-07T07:05:22.505557+00:00,155.4,11,bid,,,10518491
2026-07-07T07:05:22.561712,2026-07-07T07:05:22.570184+00:00,155.1,50,ask,,,10518494
2026-07-07T07:05:23.109080,2026-07-07T07:05:23.116025+00:00,155.1,42,ask,,,10518503
2026-07-07T07:05:23.266794,2026-07-07T07:05:23.275383+00:00,155.1,25,ask,,,10518505
2026-07-07T07:05:24.616765,2026-07-07T07:05:24.626191+00:00,155.4,50,bid,,,10518530
2026-07-07T07:05:25.782194,2026-07-07T07:05:25.794176+00:00,155.4,49,bid,,,10518540
2026-07-07T07:05:25.999024,2026-07-07T07:05:26.007799+00:00,155.4,21,ask,,,10518543
2026-07-07T07:05:26.727333,2026-07-07T07:05:26.739312+00:00,155.5,50,bid,,,10518555
2026-07-07T07:05:27.259562,2026-07-07T07:05:27.269060+00:00,155.4,11,ask,,,10518558
2026-07-07T07:05:27.412926,2026-07-07T07:05:27.424483+00:00,155.4,44,ask,,,10518565
2026-07-07T07:05:27.530669,2026-07-07T07:05:27.539331+00:00,155.4,12,ask,,,10518567
2026-07-07T07:05:28.834427,2026-07-07T07:05:28.858602+00:00,155.5,50,bid,,,10518591
2026-07-07T07:05:30.079182,2026-07-07T07:05:30.090842+00:00,155.5,46,bid,,,10518603
2026-07-07T07:05:30.992809,2026-07-07T07:05:31.003234+00:00,155.3,50,ask,,,10518617
2026-07-07T07:05:33.048992,2026-07-07T07:05:33.059546+00:00,155.5,4,bid,,,10518649
2026-07-07T07:05:33.048992,2026-07-07T07:05:33.059546+00:00,155.5,12,bid,,,10518650
2026-07-07T07:05:33.048992,2026-07-07T07:05:33.059546+00:00,155.5,20,bid,,,10518651
2026-07-07T07:05:33.048992,2026-07-07T07:05:33.064546+00:00,155.6,14,bid,,,10518652
2026-07-07T07:05:35.181733,2026-07-07T07:05:35.190696+00:00,155.6,50,bid,,,10518697
2026-07-07T07:05:36.225920,2026-07-07T07:05:36.235495+00:00,155.4,49,ask,,,10518717
2026-07-07T07:05:37.288924,2026-07-07T07:05:37.300630+00:00,155.5,50,bid,,,10518738
2026-07-07T07:05:37.372498,2026-07-07T07:05:37.385017+00:00,155.5,20,bid,,,10518741
2026-07-07T07:05:37.852828,2026-07-07T07:05:37.864911+00:00,155.4,40,ask,,,10518752
2026-07-07T07:05:37.979923,2026-07-07T07:05:38.002667+00:00,155.4,12,ask,,,10518761
2026-07-07T07:05:38.001606,2026-07-07T07:05:38.017875+00:00,155.4,25,ask,,,10518763
2026-07-07T07:05:38.024669,2026-07-07T07:05:38.034348+00:00,155.4,11,ask,,,10518766
2026-07-07T07:05:38.081710,2026-07-07T07:05:38.088640+00:00,155.4,3,ask,,,10518768
2026-07-07T07:05:38.095423,2026-07-07T07:05:38.104300+00:00,155.4,10,ask,,,10518769
2026-07-07T07:05:38.708974,2026-07-07T07:05:38.717588+00:00,155.2,50,ask,,,10518783
2026-07-07T07:05:38.708974,2026-07-07T07:05:38.717588+00:00,154.9,12,ask,,,10518784
2026-07-07T07:05:38.723979,2026-07-07T07:05:38.733369+00:00,154.9,23,bid,,,10518785
2026-07-07T07:05:38.889289,2026-07-07T07:05:38.896743+00:00,154.9,25,bid,,,10518794
2026-07-07T07:05:39.342960,2026-07-07T07:05:39.351980+00:00,154.9,22,bid,,,10518807
2026-07-07T07:05:39.482561,2026-07-07T07:05:39.494352+00:00,154.8,50,ask,,,10518810
2026-07-07T07:05:39.509807,2026-07-07T07:05:39.521071+00:00,154.9,18,bid,,,10518812
2026-07-07T07:05:39.528776,2026-07-07T07:05:39.536839+00:00,155.2,12,bid,,,10518814
2026-07-07T07:05:39.528776,2026-07-07T07:05:39.541834+00:00,155.3,29,bid,,,10518815
2026-07-07T07:05:40.058891,2026-07-07T07:05:40.069272+00:00,154.9,12,ask,,,10518833
2026-07-07T07:05:40.696593,2026-07-07T07:05:40.708568+00:00,154.8,40,ask,,,10518843
2026-07-07T07:05:40.761160,2026-07-07T07:05:40.773260+00:00,154.8,10,ask,,,10518847
2026-07-07T07:05:41.470687,2026-07-07T07:05:41.479021+00:00,154.9,3,ask,,,10518862
2026-07-07T07:05:41.537991,2026-07-07T07:05:41.546794+00:00,155.0,10,ask,,,10518864
2026-07-07T07:05:41.831169,2026-07-07T07:05:41.840515+00:00,155.0,1,ask,,,10518877
2026-07-07T07:05:42.262963,2026-07-07T07:05:42.271198+00:00,155.0,49,ask,,,10518892
2026-07-07T07:05:42.698160,2026-07-07T07:05:42.709227+00:00,155.0,10,ask,,,10518903
2026-07-07T07:05:43.702141,2026-07-07T07:05:43.711086+00:00,155.0,50,ask,,,10518923
2026-07-07T07:05:44.971426,2026-07-07T07:05:44.980673+00:00,155.1,12,bid,,,10518941
2026-07-07T07:05:44.971426,2026-07-07T07:05:44.980673+00:00,155.1,33,bid,,,10518942
2026-07-07T07:05:45.835050,2026-07-07T07:05:45.847086+00:00,154.9,50,ask,,,10518961
2026-07-07T07:05:46.471114,2026-07-07T07:05:46.478757+00:00,155.0,45,bid,,,10518972
2026-07-07T07:05:47.890611,2026-07-07T07:05:47.902478+00:00,154.9,12,bid,,,10518991
2026-07-07T07:05:47.890611,2026-07-07T07:05:47.902478+00:00,155.0,38,bid,,,10518992
2026-07-07T07:05:49.999305,2026-07-07T07:05:50.011038+00:00,154.9,50,bid,,,10519026
2026-07-07T07:05:50.509207,2026-07-07T07:05:50.520753+00:00,154.6,12,ask,,,10519033
2026-07-07T07:05:50.509207,2026-07-07T07:05:50.520753+00:00,154.6,32,ask,,,10519034
2026-07-07T07:05:52.128712,2026-07-07T07:05:52.136794+00:00,154.9,50,bid,,,10519062
2026-07-07T07:05:52.620712,2026-07-07T07:05:52.632942+00:00,154.9,25,bid,,,10519070
2026-07-07T07:05:54.299811,2026-07-07T07:05:54.308312+00:00,154.7,25,ask,,,10519109
2026-07-07T07:05:56.401517,2026-07-07T07:05:56.413215+00:00,154.6,50,ask,,,10519146
2026-07-07T07:05:56.738613,2026-07-07T07:05:56.748430+00:00,154.9,12,bid,,,10519153
2026-07-07T07:05:56.738613,2026-07-07T07:05:56.748430+00:00,155.0,31,bid,,,10519154
2026-07-07T07:05:56.794085,2026-07-07T07:05:56.805686+00:00,154.6,48,ask,,,10519155
2026-07-07T07:05:57.257049,2026-07-07T07:05:57.269219+00:00,154.9,10,bid,,,10519159
2026-07-07T07:05:57.257049,2026-07-07T07:05:57.269219+00:00,155.0,19,bid,,,10519160
2026-07-07T07:05:57.257049,2026-07-07T07:05:57.269219+00:00,155.0,17,bid,,,10519161
2026-07-07T07:05:57.517971,2026-07-07T07:05:57.529374+00:00,155.0,10,bid,,,10519163
2026-07-07T07:05:57.729831,2026-07-07T07:05:57.741631+00:00,154.8,48,bid,,,10519168
2026-07-07T07:05:58.103021,2026-07-07T07:05:58.109684+00:00,154.8,25,bid,,,10519182
2026-07-07T07:05:58.508858,2026-07-07T07:05:58.520815+00:00,154.7,12,ask,,,10519188
2026-07-07T07:05:58.508858,2026-07-07T07:05:58.520815+00:00,154.7,38,ask,,,10519189
2026-07-07T07:05:58.562330,2026-07-07T07:05:58.574187+00:00,154.8,27,bid,,,10519190
2026-07-07T07:05:58.739422,2026-07-07T07:05:58.746328+00:00,154.8,23,ask,,,10519196
2026-07-07T07:05:58.863069,2026-07-07T07:05:58.874290+00:00,155.0,12,bid,,,10519198
2026-07-07T07:05:58.863069,2026-07-07T07:05:58.874290+00:00,155.1,11,bid,,,10519199
2026-07-07T07:05:59.448915,2026-07-07T07:05:59.458567+00:00,154.6,25,ask,,,10519216
2026-07-07T07:06:00.203377,2026-07-07T07:06:00.214915+00:00,155.1,25,bid,,,10519227
2026-07-07T07:06:00.567109,2026-07-07T07:06:00.577052+00:00,155.0,12,bid,,,10519234
2026-07-07T07:06:00.567109,2026-07-07T07:06:00.577052+00:00,155.1,38,bid,,,10519235
2026-07-07T07:06:00.791718,2026-07-07T07:06:00.813117+00:00,154.7,12,ask,,,10519240
2026-07-07T07:06:00.791718,2026-07-07T07:06:00.813117+00:00,154.7,13,ask,,,10519241
2026-07-07T07:06:02.674657,2026-07-07T07:06:02.685375+00:00,154.9,50,bid,,,10519274
2026-07-07T07:06:03.888573,2026-07-07T07:06:03.897902+00:00,154.8,44,ask,,,10519295
2026-07-07T07:06:04.833660,2026-07-07T07:06:04.845315+00:00,154.6,50,ask,,,10519324
2026-07-07T07:06:06.889497,2026-07-07T07:06:06.901168+00:00,154.9,50,bid,,,10519357
2026-07-07T07:06:07.332749,2026-07-07T07:06:07.350033+00:00,154.7,10,ask,,,10519367
2026-07-07T07:06:07.332749,2026-07-07T07:06:07.350033+00:00,154.7,32,ask,,,10519368
2026-07-07T07:06:07.906971,2026-07-07T07:06:07.915927+00:00,155.0,20,bid,,,10519379
2026-07-07T07:06:07.906971,2026-07-07T07:06:07.915927+00:00,155.2,28,bid,,,10519380
2026-07-07T07:06:08.257907,2026-07-07T07:06:08.269731+00:00,154.7,10,ask,,,10519393
2026-07-07T07:06:08.998457,2026-07-07T07:06:09.010104+00:00,154.9,12,bid,,,10519403
2026-07-07T07:06:08.998457,2026-07-07T07:06:09.010104+00:00,155.0,38,bid,,,10519404
2026-07-07T07:06:10.826290,2026-07-07T07:06:10.837728+00:00,154.7,10,ask,,,10519447
2026-07-07T07:06:11.158243,2026-07-07T07:06:11.170359+00:00,154.6,12,ask,,,10519450
2026-07-07T07:06:11.158243,2026-07-07T07:06:11.170359+00:00,154.6,38,ask,,,10519451
2026-07-07T07:06:11.213865,2026-07-07T07:06:11.222216+00:00,154.7,1,ask,,,10519454
2026-07-07T07:06:11.568053,2026-07-07T07:06:11.575527+00:00,154.7,10,ask,,,10519459
2026-07-07T07:06:13.238919,2026-07-07T07:06:13.248530+00:00,154.8,25,bid,,,10519498
2026-07-07T07:06:13.453643,2026-07-07T07:06:13.463168+00:00,154.8,22,bid,,,10519506
2026-07-07T07:06:13.481583,2026-07-07T07:06:13.489225+00:00,154.8,3,bid,,,10519509
2026-07-07T07:06:13.876472,2026-07-07T07:06:13.888171+00:00,154.7,12,ask,,,10519521
2026-07-07T07:06:13.876472,2026-07-07T07:06:13.888171+00:00,154.7,13,ask,,,10519522
2026-07-07T07:06:14.628722,2026-07-07T07:06:14.635967+00:00,155.1,25,bid,,,10519543
2026-07-07T07:06:15.220132,2026-07-07T07:06:15.229246+00:00,154.9,11,ask,,,10519560
2026-07-07T07:06:15.325214,2026-07-07T07:06:15.331826+00:00,155.1,50,bid,,,10519562
2026-07-07T07:06:15.837747,2026-07-07T07:06:15.846238+00:00,154.7,12,ask,,,10519567
2026-07-07T07:06:15.837747,2026-07-07T07:06:15.851257+00:00,154.6,29,ask,,,10519568
2026-07-07T07:06:15.921889,2026-07-07T07:06:15.933521+00:00,154.6,14,ask,,,10519571
2026-07-07T07:06:17.321395,2026-07-07T07:06:17.328238+00:00,155.0,12,bid,,,10519607
2026-07-07T07:06:17.321395,2026-07-07T07:06:17.333466+00:00,155.2,29,bid,,,10519608
2026-07-07T07:06:17.430963,2026-07-07T07:06:17.439189+00:00,155.2,8,bid,,,10519614
2026-07-07T07:06:17.430963,2026-07-07T07:06:17.444421+00:00,155.2,42,bid,,,10519615
2026-07-07T07:06:17.560753,2026-07-07T07:06:17.569377+00:00,154.9,10,ask,,,10519620
2026-07-07T07:06:17.873036,2026-07-07T07:06:17.881111+00:00,154.8,43,ask,,,10519625
2026-07-07T07:06:18.085664,2026-07-07T07:06:18.096032+00:00,154.9,1,ask,,,10519629
2026-07-07T07:06:18.735921,2026-07-07T07:06:18.747219+00:00,154.8,10,ask,,,10519648
2026-07-07T07:06:19.435439,2026-07-07T07:06:19.445272+00:00,154.8,1,ask,,,10519657
2026-07-07T07:06:19.544288,2026-07-07T07:06:19.558601+00:00,155.1,10,bid,,,10519659
2026-07-07T07:06:19.544288,2026-07-07T07:06:19.558601+00:00,155.1,20,bid,,,10519660
2026-07-07T07:06:19.544288,2026-07-07T07:06:19.558601+00:00,155.2,19,bid,,,10519661
2026-07-07T07:06:20.082051,2026-07-07T07:06:20.093556+00:00,155.2,10,bid,,,10519682
2026-07-07T07:06:20.105968,2026-07-07T07:06:20.117805+00:00,154.8,43,ask,,,10519685
2026-07-07T07:06:20.624144,2026-07-07T07:06:20.632909+00:00,155.0,10,ask,,,10519695
2026-07-07T07:06:20.672965,2026-07-07T07:06:20.681704+00:00,154.9,43,ask,,,10519699
2026-07-07T07:06:21.644824,2026-07-07T07:06:21.656479+00:00,155.2,50,bid,,,10519718
2026-07-07T07:06:21.773908,2026-07-07T07:06:21.780745+00:00,154.9,7,ask,,,10519722
2026-07-07T07:06:22.475794,2026-07-07T07:06:22.482574+00:00,154.8,3,ask,,,10519737
2026-07-07T07:06:22.812734,2026-07-07T07:06:22.824652+00:00,154.9,10,ask,,,10519744
2026-07-07T07:06:22.979777,2026-07-07T07:06:22.991360+00:00,155.0,10,bid,,,10519749
2026-07-07T07:06:22.994924,2026-07-07T07:06:22.998855+00:00,155.0,1,ask,,,10519750
2026-07-07T07:06:23.751580,2026-07-07T07:06:23.755288+00:00,155.1,50,bid,,,10519765
2026-07-07T07:06:25.335651,2026-07-07T07:06:25.348464+00:00,155.2,44,bid,,,10519784
2026-07-07T07:06:25.815912,2026-07-07T07:06:25.822682+00:00,155.2,46,bid,,,10519790
2026-07-07T07:06:25.856790,2026-07-07T07:06:25.868697+00:00,155.2,10,bid,,,10519794
2026-07-07T07:06:25.856790,2026-07-07T07:06:25.868697+00:00,155.2,12,bid,,,10519795
2026-07-07T07:06:25.856790,2026-07-07T07:06:25.868697+00:00,155.2,20,bid,,,10519796
2026-07-07T07:06:25.856790,2026-07-07T07:06:25.868697+00:00,155.5,8,bid,,,10519797
2026-07-07T07:06:28.017525,2026-07-07T07:06:28.025036+00:00,155.0,50,ask,,,10519830
2026-07-07T07:06:31.244280,2026-07-07T07:06:31.256099+00:00,155.1,49,ask,,,10519894
2026-07-07T07:06:32.177315,2026-07-07T07:06:32.184799+00:00,155.3,12,bid,,,10519913
2026-07-07T07:06:32.177315,2026-07-07T07:06:32.190231+00:00,155.4,20,bid,,,10519914
2026-07-07T07:06:32.177315,2026-07-07T07:06:32.190231+00:00,155.5,18,bid,,,10519915
2026-07-07T07:06:32.674602,2026-07-07T07:06:32.686377+00:00,155.2,10,ask,,,10519918
2026-07-07T07:06:32.674602,2026-07-07T07:06:32.686377+00:00,155.1,34,ask,,,10519919
2026-07-07T07:06:33.564759,2026-07-07T07:06:33.576041+00:00,155.1,10,ask,,,10519947
2026-07-07T07:06:34.292636,2026-07-07T07:06:34.310910+00:00,155.5,50,bid,,,10519959
2026-07-07T07:06:36.191623,2026-07-07T07:06:36.203541+00:00,155.4,20,bid,,,10519993
2026-07-07T07:06:36.191623,2026-07-07T07:06:36.203541+00:00,155.5,20,bid,,,10519994
2026-07-07T07:06:36.251133,2026-07-07T07:06:36.265278+00:00,155.2,12,ask,,,10519996
2026-07-07T07:06:36.264174,2026-07-07T07:06:36.285627+00:00,155.2,25,ask,,,10519998
2026-07-07T07:06:36.404051,2026-07-07T07:06:36.412768+00:00,155.4,4,bid,,,10520003
2026-07-07T07:06:36.404051,2026-07-07T07:06:36.412768+00:00,155.5,46,bid,,,10520004
2026-07-07T07:06:38.398327,2026-07-07T07:06:38.407147+00:00,155.2,11,ask,,,10520044
2026-07-07T07:06:38.485399,2026-07-07T07:06:38.492761+00:00,155.2,3,ask,,,10520047
2026-07-07T07:06:38.539163,2026-07-07T07:06:38.550619+00:00,155.3,12,bid,,,10520049
2026-07-07T07:06:38.539163,2026-07-07T07:06:38.550619+00:00,155.5,34,bid,,,10520050
2026-07-07T07:06:38.539163,2026-07-07T07:06:38.550619+00:00,155.7,4,bid,,,10520051
2026-07-07T07:06:38.651906,2026-07-07T07:06:38.658575+00:00,155.2,47,ask,,,10520053
2026-07-07T07:06:38.882560,2026-07-07T07:06:38.892181+00:00,155.2,10,ask,,,10520064
2026-07-07T07:06:38.882560,2026-07-07T07:06:38.892181+00:00,155.1,100,ask,,,10520065
2026-07-07T07:06:39.713957,2026-07-07T07:06:39.764710+00:00,155.1,11,bid,,,10520075
2026-07-07T07:06:39.977704,2026-07-07T07:06:39.989004+00:00,155.0,10,ask,,,10520088
2026-07-07T07:06:40.654532,2026-07-07T07:06:40.668629+00:00,155.1,29,bid,,,10520096
2026-07-07T07:06:40.654532,2026-07-07T07:06:40.668629+00:00,155.3,12,bid,,,10520097
2026-07-07T07:06:40.654532,2026-07-07T07:06:40.668629+00:00,155.6,9,bid,,,10520098
2026-07-07T07:06:40.811282,2026-07-07T07:06:40.822826+00:00,155.6,49,bid,,,10520104
2026-07-07T07:06:41.400393,2026-07-07T07:06:41.409348+00:00,155.1,10,ask,,,10520122
2026-07-07T07:06:41.400393,2026-07-07T07:06:41.409348+00:00,155.1,20,ask,,,10520123
2026-07-07T07:06:41.400393,2026-07-07T07:06:41.414817+00:00,155.1,11,ask,,,10520124
2026-07-07T07:06:41.400393,2026-07-07T07:06:41.414817+00:00,155.0,6,ask,,,10520125
2026-07-07T07:06:41.995382,2026-07-07T07:06:42.014578+00:00,155.4,11,bid,,,10520141
2026-07-07T07:06:41.995382,2026-07-07T07:06:42.014578+00:00,155.5,16,bid,,,10520142
2026-07-07T07:06:42.006181,2026-07-07T07:06:42.014578+00:00,155.5,11,ask,,,10520143
2026-07-07T07:06:42.127933,2026-07-07T07:06:42.134686+00:00,155.5,3,ask,,,10520146
2026-07-07T07:06:42.170730,2026-07-07T07:06:42.179316+00:00,155.5,20,ask,,,10520147
2026-07-07T07:06:42.309678,2026-07-07T07:06:42.331041+00:00,155.5,12,ask,,,10520153
2026-07-07T07:06:42.347633,2026-07-07T07:06:42.357872+00:00,155.5,11,ask,,,10520158
2026-07-07T07:06:42.439342,2026-07-07T07:06:42.445849+00:00,155.5,3,ask,,,10520164
2026-07-07T07:06:42.703169,2026-07-07T07:06:42.711755+00:00,155.5,3,ask,,,10520167
2026-07-07T07:06:42.717628,2026-07-07T07:06:42.727384+00:00,155.5,10,ask,,,10520168
2026-07-07T07:06:42.818355,2026-07-07T07:06:42.831573+00:00,155.5,40,ask,,,10520172
2026-07-07T07:06:42.818355,2026-07-07T07:06:42.831573+00:00,155.2,10,ask,,,10520173
2026-07-07T07:06:43.076434,2026-07-07T07:06:43.086974+00:00,155.2,42,ask,,,10520181
2026-07-07T07:06:44.926084,2026-07-07T07:06:44.934598+00:00,155.3,10,ask,,,10520214
2026-07-07T07:06:44.926084,2026-07-07T07:06:44.934598+00:00,155.2,40,ask,,,10520215
2026-07-07T07:06:45.159916,2026-07-07T07:06:45.169914+00:00,155.2,11,bid,,,10520225
2026-07-07T07:06:45.226315,2026-07-07T07:06:45.237006+00:00,155.1,12,bid,,,10520230
2026-07-07T07:06:45.552585,2026-07-07T07:06:45.556653+00:00,155.1,49,bid,,,10520242
2026-07-07T07:06:46.080679,2026-07-07T07:06:46.090781+00:00,155.0,10,ask,,,10520250
2026-07-07T07:06:47.060936,2026-07-07T07:06:47.068475+00:00,155.0,24,ask,,,10520266
2026-07-07T07:06:47.060936,2026-07-07T07:06:47.074005+00:00,154.8,11,ask,,,10520267
2026-07-07T07:06:47.060936,2026-07-07T07:06:47.074005+00:00,154.7,15,ask,,,10520268
2026-07-07T07:06:48.348830,2026-07-07T07:06:48.358070+00:00,155.0,10,bid,,,10520294
2026-07-07T07:06:48.852634,2026-07-07T07:06:48.864890+00:00,155.1,10,bid,,,10520302
2026-07-07T07:06:49.706298,2026-07-07T07:06:49.718422+00:00,155.1,24,bid,,,10520311
2026-07-07T07:06:49.706298,2026-07-07T07:06:49.718422+00:00,155.1,20,bid,,,10520312
2026-07-07T07:06:51.222391,2026-07-07T07:06:51.233105+00:00,155.1,50,bid,,,10520345
2026-07-07T07:06:52.337619,2026-07-07T07:06:52.347894+00:00,155.2,8,bid,,,10520375
2026-07-07T07:06:52.394527,2026-07-07T07:06:52.403602+00:00,154.9,12,ask,,,10520380
2026-07-07T07:06:52.394527,2026-07-07T07:06:52.403602+00:00,154.9,36,ask,,,10520381
2026-07-07T07:06:53.197124,2026-07-07T07:06:53.206149+00:00,155.2,1,bid,,,10520391
2026-07-07T07:06:53.379670,2026-07-07T07:06:53.388332+00:00,155.1,10,ask,,,10520403
2026-07-07T07:06:53.379670,2026-07-07T07:06:53.388332+00:00,155.0,40,ask,,,10520404
2026-07-07T07:06:54.175479,2026-07-07T07:06:54.184996+00:00,155.0,9,ask,,,10520420
2026-07-07T07:06:55.435583,2026-07-07T07:06:55.447553+00:00,155.2,10,bid,,,10520435
2026-07-07T07:06:55.435583,2026-07-07T07:06:55.447553+00:00,155.3,12,bid,,,10520436
2026-07-07T07:06:55.435583,2026-07-07T07:06:55.447553+00:00,155.3,28,bid,,,10520437
2026-07-07T07:06:56.895086,2026-07-07T07:06:56.906915+00:00,155.1,10,ask,,,10520464
2026-07-07T07:06:57.555245,2026-07-07T07:06:57.556993+00:00,155.4,50,bid,,,10520476
2026-07-07T07:06:57.558697,2026-07-07T07:06:57.570669+00:00,155.0,1,ask,,,10520477
2026-07-07T07:06:57.558697,2026-07-07T07:06:57.570669+00:00,155.0,9,ask,,,10520478
2026-07-07T07:06:59.719548,2026-07-07T07:06:59.731544+00:00,155.1,50,ask,,,10520527
2026-07-07T07:07:01.648920,2026-07-07T07:07:01.658588+00:00,155.2,10,bid,,,10520550
2026-07-07T07:07:01.648920,2026-07-07T07:07:01.658588+00:00,155.3,34,bid,,,10520551
2026-07-07T07:07:01.774206,2026-07-07T07:07:01.786042+00:00,155.3,16,bid,,,10520556
2026-07-07T07:07:01.774206,2026-07-07T07:07:01.786042+00:00,155.5,34,bid,,,10520557
2026-07-07T07:07:01.861366,2026-07-07T07:07:01.869115+00:00,155.5,10,bid,,,10520559
2026-07-07T07:07:03.883929,2026-07-07T07:07:03.893348+00:00,155.4,10,bid,,,10520594
2026-07-07T07:07:03.883929,2026-07-07T07:07:03.893348+00:00,155.5,40,bid,,,10520595
2026-07-07T07:07:04.042328,2026-07-07T07:07:04.049319+00:00,155.5,10,bid,,,10520599
2026-07-07T07:07:04.294929,2026-07-07T07:07:04.302213+00:00,155.3,12,ask,,,10520610
2026-07-07T07:07:06.046967,2026-07-07T07:07:06.058563+00:00,155.3,50,ask,,,10520638
2026-07-07T07:07:06.388991,2026-07-07T07:07:06.401924+00:00,155.4,47,bid,,,10520640
2026-07-07T07:07:06.446145,2026-07-07T07:07:06.453872+00:00,155.3,38,ask,,,10520641
2026-07-07T07:07:06.446145,2026-07-07T07:07:06.459164+00:00,155.1,2,ask,,,10520642
2026-07-07T07:07:08.152710,2026-07-07T07:07:08.158584+00:00,155.2,50,ask,,,10520662
2026-07-07T07:07:09.644989,2026-07-07T07:07:09.654690+00:00,155.4,2,bid,,,10520704
2026-07-07T07:07:10.259808,2026-07-07T07:07:10.269585+00:00,155.2,50,ask,,,10520719
2026-07-07T07:07:10.726258,2026-07-07T07:07:10.737725+00:00,155.2,48,bid,,,10520727
2026-07-07T07:07:12.370112,2026-07-07T07:07:12.378416+00:00,155.0,50,ask,,,10520751
2026-07-07T07:07:14.476543,2026-07-07T07:07:14.484041+00:00,155.1,12,ask,,,10520792
2026-07-07T07:07:14.476543,2026-07-07T07:07:14.489376+00:00,155.1,38,ask,,,10520793
2026-07-07T07:07:15.199888,2026-07-07T07:07:15.208135+00:00,155.2,12,bid,,,10520804
2026-07-07T07:07:15.216644,2026-07-07T07:07:15.223410+00:00,155.1,40,ask,,,10520806
2026-07-07T07:07:15.528753,2026-07-07T07:07:15.531155+00:00,155.2,25,bid,,,10520810
2026-07-07T07:07:16.316105,2026-07-07T07:07:16.325600+00:00,155.1,22,ask,,,10520824
2026-07-07T07:07:16.316105,2026-07-07T07:07:16.325600+00:00,155.1,20,ask,,,10520825
2026-07-07T07:07:16.316105,2026-07-07T07:07:16.330884+00:00,155.0,2,ask,,,10520826
2026-07-07T07:07:16.515480,2026-07-07T07:07:16.524305+00:00,155.1,12,ask,,,10520833
2026-07-07T07:07:16.689309,2026-07-07T07:07:16.700507+00:00,155.0,25,ask,,,10520838
2026-07-07T07:07:17.971072,2026-07-07T07:07:17.982579+00:00,155.1,42,bid,,,10520858
2026-07-07T07:07:18.620672,2026-07-07T07:07:18.628590+00:00,155.1,42,bid,,,10520865
2026-07-07T07:07:18.688010,2026-07-07T07:07:18.699948+00:00,155.0,50,ask,,,10520866
2026-07-07T07:07:19.202353,2026-07-07T07:07:19.213226+00:00,154.9,12,ask,,,10520877
2026-07-07T07:07:19.202353,2026-07-07T07:07:19.213226+00:00,154.8,20,ask,,,10520878
2026-07-07T07:07:19.202353,2026-07-07T07:07:19.213226+00:00,154.7,12,ask,,,10520879
2026-07-07T07:07:20.222815,2026-07-07T07:07:20.232426+00:00,155.2,13,bid,,,10520909
2026-07-07T07:07:20.222815,2026-07-07T07:07:20.232426+00:00,155.2,12,bid,,,10520910
2026-07-07T07:07:20.222815,2026-07-07T07:07:20.232426+00:00,155.2,21,bid,,,10520911
2026-07-07T07:07:20.744377,2026-07-07T07:07:20.754405+00:00,155.1,10,bid,,,10520924
2026-07-07T07:07:20.744377,2026-07-07T07:07:20.754405+00:00,155.2,40,bid,,,10520925
2026-07-07T07:07:20.987514,2026-07-07T07:07:20.996424+00:00,155.1,10,bid,,,10520929
2026-07-07T07:07:22.905628,2026-07-07T07:07:22.915439+00:00,154.9,50,ask,,,10520953
2026-07-07T07:07:24.380410,2026-07-07T07:07:24.389074+00:00,155.1,12,bid,,,10520983
2026-07-07T07:07:24.704010,2026-07-07T07:07:24.713426+00:00,155.1,25,bid,,,10520992
2026-07-07T07:07:25.898808,2026-07-07T07:07:25.909573+00:00,155.1,12,bid,,,10521008
2026-07-07T07:07:26.390105,2026-07-07T07:07:26.401661+00:00,155.1,25,ask,,,10521017
2026-07-07T07:07:27.064697,2026-07-07T07:07:27.073390+00:00,155.4,50,bid,,,10521032
2026-07-07T07:07:29.171961,2026-07-07T07:07:29.179554+00:00,155.4,50,bid,,,10521066
2026-07-07T07:07:30.083819,2026-07-07T07:07:30.095603+00:00,155.2,40,ask,,,10521089
2026-07-07T07:07:31.280260,2026-07-07T07:07:31.292112+00:00,155.4,50,bid,,,10521111
2026-07-07T07:07:33.388436,2026-07-07T07:07:33.400209+00:00,155.4,12,bid,,,10521145
2026-07-07T07:07:33.388436,2026-07-07T07:07:33.400209+00:00,155.5,38,bid,,,10521146
2026-07-07T07:07:33.580902,2026-07-07T07:07:33.590547+00:00,155.2,10,ask,,,10521150
2026-07-07T07:07:33.580902,2026-07-07T07:07:33.590547+00:00,155.2,36,ask,,,10521151
2026-07-07T07:07:33.647006,2026-07-07T07:07:33.654975+00:00,155.2,25,ask,,,10521154
2026-07-07T07:07:33.771127,2026-07-07T07:07:33.782572+00:00,155.2,2,ask,,,10521160
2026-07-07T07:07:33.869215,2026-07-07T07:07:33.880174+00:00,155.2,25,ask,,,10521163
2026-07-07T07:07:34.092822,2026-07-07T07:07:34.104396+00:00,155.2,2,ask,,,10521166
2026-07-07T07:07:34.664003,2026-07-07T07:07:34.670886+00:00,155.2,10,ask,,,10521179
2026-07-07T07:07:34.664003,2026-07-07T07:07:34.676099+00:00,155.0,33,ask,,,10521180
2026-07-07T07:07:34.901303,2026-07-07T07:07:34.911485+00:00,155.4,10,bid,,,10521189
2026-07-07T07:07:35.302271,2026-07-07T07:07:35.314080+00:00,155.5,10,bid,,,10521195
2026-07-07T07:07:35.497625,2026-07-07T07:07:35.506387+00:00,155.5,50,bid,,,10521202
2026-07-07T07:07:35.832849,2026-07-07T07:07:35.842870+00:00,155.0,1,bid,,,10521204
2026-07-07T07:07:36.177298,2026-07-07T07:07:36.191601+00:00,155.0,5,bid,,,10521213
2026-07-07T07:07:36.195578,2026-07-07T07:07:36.206596+00:00,155.0,5,bid,,,10521216
2026-07-07T07:07:36.798761,2026-07-07T07:07:36.807538+00:00,155.0,2,bid,,,10521230
2026-07-07T07:07:37.313951,2026-07-07T07:07:37.327641+00:00,155.0,45,bid,,,10521237
2026-07-07T07:07:37.604244,2026-07-07T07:07:37.616437+00:00,155.0,42,bid,,,10521248
2026-07-07T07:07:37.604244,2026-07-07T07:07:37.616437+00:00,155.4,8,bid,,,10521249
2026-07-07T07:07:38.500607,2026-07-07T07:07:38.510203+00:00,155.1,10,ask,,,10521257
2026-07-07T07:07:39.597784,2026-07-07T07:07:39.605877+00:00,154.9,10,ask,,,10521279
2026-07-07T07:07:39.767627,2026-07-07T07:07:39.774163+00:00,155.0,10,ask,,,10521283
2026-07-07T07:07:40.159599,2026-07-07T07:07:40.167435+00:00,154.9,13,ask,,,10521290
2026-07-07T07:07:40.785719,2026-07-07T07:07:40.789656+00:00,155.0,3,ask,,,10521301
2026-07-07T07:07:41.823480,2026-07-07T07:07:41.834484+00:00,155.3,50,bid,,,10521312
2026-07-07T07:07:43.673280,2026-07-07T07:07:43.689874+00:00,154.7,44,ask,,,10521338
2026-07-07T07:07:44.230965,2026-07-07T07:07:44.242983+00:00,155.1,47,bid,,,10521349
2026-07-07T07:07:45.439458,2026-07-07T07:07:45.447338+00:00,154.7,13,ask,,,10521369
2026-07-07T07:07:45.940937,2026-07-07T07:07:45.952895+00:00,154.7,40,ask,,,10521380
2026-07-07T07:07:46.054131,2026-07-07T07:07:46.065893+00:00,155.0,50,bid,,,10521383
2026-07-07T07:07:47.965405,2026-07-07T07:07:47.977150+00:00,154.7,49,ask,,,10521424
2026-07-07T07:07:48.226291,2026-07-07T07:07:48.234643+00:00,154.7,48,ask,,,10521434
2026-07-07T07:07:48.226291,2026-07-07T07:07:48.234643+00:00,154.5,2,ask,,,10521435
2026-07-07T07:07:48.550678,2026-07-07T07:07:48.567978+00:00,154.7,100,ask,,,10521441
2026-07-07T07:07:48.559558,2026-07-07T07:07:48.567978+00:00,154.7,14,bid,,,10521442
2026-07-07T07:07:48.901294,2026-07-07T07:07:48.909992+00:00,154.7,12,bid,,,10521448
2026-07-07T07:07:49.058947,2026-07-07T07:07:49.066234+00:00,154.7,24,bid,,,10521450
2026-07-07T07:07:49.058947,2026-07-07T07:07:49.071530+00:00,155.2,16,bid,,,10521451
2026-07-07T07:07:49.703824,2026-07-07T07:07:49.713070+00:00,154.7,10,ask,,,10521468
2026-07-07T07:07:49.703824,2026-07-07T07:07:49.713070+00:00,154.4,38,ask,,,10521469
2026-07-07T07:07:50.334212,2026-07-07T07:07:50.343821+00:00,154.4,12,ask,,,10521476
2026-07-07T07:07:50.334212,2026-07-07T07:07:50.343821+00:00,154.3,12,ask,,,10521477
2026-07-07T07:07:50.334212,2026-07-07T07:07:50.349324+00:00,154.3,20,ask,,,10521478
2026-07-07T07:07:50.825834,2026-07-07T07:07:50.834290+00:00,154.3,10,ask,,,10521494
2026-07-07T07:07:51.663819,2026-07-07T07:07:51.672010+00:00,154.6,12,bid,,,10521509
2026-07-07T07:07:52.464594,2026-07-07T07:07:52.476557+00:00,154.6,50,ask,,,10521520
2026-07-07T07:07:54.520874,2026-07-07T07:07:54.532997+00:00,154.7,10,bid,,,10521553
2026-07-07T07:07:54.520874,2026-07-07T07:07:54.532997+00:00,154.8,40,bid,,,10521554
2026-07-07T07:07:56.429890,2026-07-07T07:07:56.440012+00:00,154.9,47,bid,,,10521587
2026-07-07T07:07:56.674798,2026-07-07T07:07:56.686041+00:00,154.9,3,bid,,,10521590
2026-07-07T07:07:56.674798,2026-07-07T07:07:56.691092+00:00,155.0,47,bid,,,10521591
2026-07-07T07:07:57.409703,2026-07-07T07:07:57.420494+00:00,154.7,10,ask,,,10521599
2026-07-07T07:07:58.245562,2026-07-07T07:07:58.252723+00:00,154.6,10,ask,,,10521635
2026-07-07T07:07:58.856171,2026-07-07T07:07:58.857400+00:00,154.7,10,ask,,,10521649
2026-07-07T07:07:58.856171,2026-07-07T07:07:58.869260+00:00,154.6,40,ask,,,10521650
2026-07-07T07:08:00.006566,2026-07-07T07:08:00.021272+00:00,154.6,10,ask,,,10521665
2026-07-07T07:08:00.965680,2026-07-07T07:08:00.977332+00:00,154.7,50,ask,,,10521678
2026-07-07T07:08:01.520921,2026-07-07T07:08:01.528899+00:00,154.9,10,ask,,,10521689
2026-07-07T07:08:02.285382,2026-07-07T07:08:02.292170+00:00,154.8,10,ask,,,10521701
2026-07-07T07:08:03.073793,2026-07-07T07:08:03.082839+00:00,154.8,50,ask,,,10521716
2026-07-07T07:08:03.319363,2026-07-07T07:08:03.342258+00:00,154.8,12,ask,,,10521720
2026-07-07T07:08:04.324871,2026-07-07T07:08:04.333079+00:00,154.5,43,ask,,,10521737
2026-07-07T07:08:05.180524,2026-07-07T07:08:05.192604+00:00,154.5,7,ask,,,10521750
2026-07-07T07:08:05.180524,2026-07-07T07:08:05.192604+00:00,154.4,43,ask,,,10521751
2026-07-07T07:08:06.520947,2026-07-07T07:08:06.530693+00:00,154.6,10,bid,,,10521774
2026-07-07T07:08:06.520947,2026-07-07T07:08:06.530693+00:00,154.7,35,bid,,,10521775
2026-07-07T07:08:07.087317,2026-07-07T07:08:07.099255+00:00,154.7,10,bid,,,10521783
2026-07-07T07:08:07.290347,2026-07-07T07:08:07.302456+00:00,154.4,50,ask,,,10521786
2026-07-07T07:08:07.540833,2026-07-07T07:08:07.553106+00:00,154.7,5,bid,,,10521787
2026-07-07T07:08:07.540833,2026-07-07T07:08:07.553106+00:00,154.7,36,bid,,,10521788
2026-07-07T07:08:07.606980,2026-07-07T07:08:07.618711+00:00,154.4,23,bid,,,10521789
2026-07-07T07:08:07.714867,2026-07-07T07:08:07.725314+00:00,154.4,12,bid,,,10521797
2026-07-07T07:08:08.163052,2026-07-07T07:08:08.174734+00:00,154.3,20,ask,,,10521807
2026-07-07T07:08:08.163052,2026-07-07T07:08:08.174734+00:00,154.3,12,ask,,,10521808
2026-07-07T07:08:08.163052,2026-07-07T07:08:08.174734+00:00,154.2,11,ask,,,10521809
2026-07-07T07:08:08.187597,2026-07-07T07:08:08.195693+00:00,154.4,25,bid,,,10521811
2026-07-07T07:08:09.343823,2026-07-07T07:08:09.351193+00:00,154.3,25,ask,,,10521846
2026-07-07T07:08:09.401424,2026-07-07T07:08:09.411053+00:00,154.3,25,ask,,,10521847
2026-07-07T07:08:09.401424,2026-07-07T07:08:09.411053+00:00,154.2,25,ask,,,10521848
2026-07-07T07:08:09.647089,2026-07-07T07:08:09.655269+00:00,154.3,20,ask,,,10521851
2026-07-07T07:08:11.211565,2026-07-07T07:08:11.221451+00:00,154.5,12,bid,,,10521868
2026-07-07T07:08:11.211565,2026-07-07T07:08:11.221451+00:00,154.5,34,bid,,,10521869
2026-07-07T07:08:11.509067,2026-07-07T07:08:11.520907+00:00,154.2,12,ask,,,10521877
2026-07-07T07:08:11.509067,2026-07-07T07:08:11.520907+00:00,154.1,38,ask,,,10521878
2026-07-07T07:08:12.735547,2026-07-07T07:08:12.747204+00:00,154.1,48,ask,,,10521902
2026-07-07T07:08:13.645847,2026-07-07T07:08:13.658617+00:00,154.1,14,ask,,,10521919
2026-07-07T07:08:13.645847,2026-07-07T07:08:13.658617+00:00,154.1,12,ask,,,10521920
2026-07-07T07:08:13.645847,2026-07-07T07:08:13.658617+00:00,154.0,24,ask,,,10521921
2026-07-07T07:08:14.871173,2026-07-07T07:08:14.882892+00:00,154.2,41,bid,,,10521947
2026-07-07T07:08:15.756593,2026-07-07T07:08:15.765912+00:00,153.9,11,ask,,,10521966
2026-07-07T07:08:15.756593,2026-07-07T07:08:15.765912+00:00,153.9,39,ask,,,10521967
2026-07-07T07:08:17.864433,2026-07-07T07:08:17.871862+00:00,154.0,20,ask,,,10522008
2026-07-07T07:08:17.864433,2026-07-07T07:08:17.877111+00:00,153.9,12,ask,,,10522009
2026-07-07T07:08:17.864433,2026-07-07T07:08:17.877111+00:00,153.8,18,ask,,,10522010
2026-07-07T07:08:18.379049,2026-07-07T07:08:18.390931+00:00,154.2,12,bid,,,10522020
2026-07-07T07:08:18.379049,2026-07-07T07:08:18.390931+00:00,154.2,37,bid,,,10522021
2026-07-07T07:08:18.987700,2026-07-07T07:08:18.995774+00:00,153.8,27,ask,,,10522032
2026-07-07T07:08:18.987700,2026-07-07T07:08:18.995774+00:00,153.8,16,ask,,,10522033
2026-07-07T07:08:19.604284,2026-07-07T07:08:19.615735+00:00,153.8,41,ask,,,10522051
2026-07-07T07:08:19.971894,2026-07-07T07:08:19.983970+00:00,153.8,43,ask,,,10522061
2026-07-07T07:08:19.971894,2026-07-07T07:08:19.983970+00:00,153.8,7,ask,,,10522062
2026-07-07T07:08:20.153308,2026-07-07T07:08:20.156242+00:00,153.8,12,ask,,,10522063
2026-07-07T07:08:21.883489,2026-07-07T07:08:21.891282+00:00,153.8,42,bid,,,10522093
2026-07-07T07:08:22.094461,2026-07-07T07:08:22.105634+00:00,153.7,12,ask,,,10522096
2026-07-07T07:08:22.094461,2026-07-07T07:08:22.105634+00:00,153.7,20,ask,,,10522097
2026-07-07T07:08:22.094461,2026-07-07T07:08:22.105634+00:00,153.6,5,ask,,,10522098
2026-07-07T07:08:22.094461,2026-07-07T07:08:22.110872+00:00,153.5,13,ask,,,10522099
2026-07-07T07:08:22.995881,2026-07-07T07:08:23.004828+00:00,153.6,11,ask,,,10522124
2026-07-07T07:08:22.995881,2026-07-07T07:08:23.004828+00:00,153.5,33,ask,,,10522125
2026-07-07T07:08:24.203997,2026-07-07T07:08:24.215617+00:00,153.5,11,ask,,,10522143
2026-07-07T07:08:24.203997,2026-07-07T07:08:24.215617+00:00,153.5,32,ask,,,10522144
2026-07-07T07:08:24.203997,2026-07-07T07:08:24.215617+00:00,153.5,7,ask,,,10522145
2026-07-07T07:08:24.841114,2026-07-07T07:08:24.849705+00:00,153.7,11,bid,,,10522157
2026-07-07T07:08:24.969481,2026-07-07T07:08:24.979651+00:00,153.7,25,bid,,,10522162
2026-07-07T07:08:25.193189,2026-07-07T07:08:25.203709+00:00,153.7,25,bid,,,10522165
2026-07-07T07:08:25.418483,2026-07-07T07:08:25.430228+00:00,153.7,25,bid,,,10522177
2026-07-07T07:08:25.641366,2026-07-07T07:08:25.652376+00:00,153.7,25,bid,,,10522183
2026-07-07T07:08:25.866619,2026-07-07T07:08:25.878075+00:00,153.7,13,bid,,,10522187
2026-07-07T07:08:26.338992,2026-07-07T07:08:26.348625+00:00,153.3,50,ask,,,10522197
2026-07-07T07:08:26.517316,2026-07-07T07:08:26.525582+00:00,153.5,100,bid,,,10522199
2026-07-07T07:08:26.763089,2026-07-07T07:08:26.775121+00:00,153.7,43,bid,,,10522202
2026-07-07T07:08:28.334047,2026-07-07T07:08:28.345645+00:00,153.6,41,ask,,,10522227
2026-07-07T07:08:28.446492,2026-07-07T07:08:28.458597+00:00,153.6,9,ask,,,10522230
2026-07-07T07:08:28.446492,2026-07-07T07:08:28.458597+00:00,153.4,12,ask,,,10522231
2026-07-07T07:08:28.446492,2026-07-07T07:08:28.458597+00:00,153.4,29,ask,,,10522232
2026-07-07T07:08:30.088923,2026-07-07T07:08:30.097596+00:00,153.4,11,bid,,,10522273
2026-07-07T07:08:30.561113,2026-07-07T07:08:30.572830+00:00,153.3,12,ask,,,10522287
2026-07-07T07:08:30.561113,2026-07-07T07:08:30.572830+00:00,153.2,38,ask,,,10522288
2026-07-07T07:08:31.421157,2026-07-07T07:08:31.430599+00:00,153.4,48,bid,,,10522304
2026-07-07T07:08:32.669505,2026-07-07T07:08:32.680480+00:00,153.3,12,ask,,,10522329
2026-07-07T07:08:32.669505,2026-07-07T07:08:32.680480+00:00,153.2,38,ask,,,10522330
2026-07-07T07:08:34.833894,2026-07-07T07:08:34.844196+00:00,153.5,42,bid,,,10522383
2026-07-07T07:08:35.440917,2026-07-07T07:08:35.452696+00:00,153.3,12,ask,,,10522394
2026-07-07T07:08:35.440917,2026-07-07T07:08:35.452696+00:00,153.2,28,ask,,,10522395
2026-07-07T07:08:36.368460,2026-07-07T07:08:36.380452+00:00,153.3,41,ask,,,10522412
2026-07-07T07:08:36.913240,2026-07-07T07:08:36.925305+00:00,153.3,9,ask,,,10522415
2026-07-07T07:08:36.913240,2026-07-07T07:08:36.925305+00:00,153.1,12,ask,,,10522416
2026-07-07T07:08:36.913240,2026-07-07T07:08:36.925305+00:00,153.0,29,ask,,,10522417
2026-07-07T07:08:38.480628,2026-07-07T07:08:38.489204+00:00,153.5,12,bid,,,10522437
2026-07-07T07:08:39.023566,2026-07-07T07:08:39.030935+00:00,153.0,50,ask,,,10522441
2026-07-07T07:08:43.236026,2026-07-07T07:08:43.245924+00:00,153.4,50,ask,,,10522502
2026-07-07T07:08:43.610650,2026-07-07T07:08:43.622667+00:00,153.7,12,bid,,,10522511
2026-07-07T07:08:43.610650,2026-07-07T07:08:43.622667+00:00,153.8,35,bid,,,10522512
2026-07-07T07:08:46.528419,2026-07-07T07:08:46.540293+00:00,153.8,44,bid,,,10522561
2026-07-07T07:08:47.396764,2026-07-07T07:08:47.405993+00:00,153.8,50,bid,,,10522586
2026-07-07T07:08:49.504257,2026-07-07T07:08:49.516300+00:00,153.5,50,bid,,,10522614
2026-07-07T07:08:49.530349,2026-07-07T07:08:49.542227+00:00,153.3,12,ask,,,10522615
2026-07-07T07:08:49.530349,2026-07-07T07:08:49.542227+00:00,153.2,34,ask,,,10522616
