timestamp,recv_time,price,volume,aggressor_side,buyer,seller,trade_id
2026-07-07T05:00:01.159389,2026-07-07T05:00:01.115612+00:00,157.6,50,bid,,,10375652
2026-07-07T05:00:01.734698,2026-07-07T05:00:01.746988+00:00,157.4,45,ask,,,10375667
2026-07-07T05:00:03.265919,2026-07-07T05:00:03.277507+00:00,157.9,50,bid,,,10375696
2026-07-07T05:00:09.652484,2026-07-07T05:00:09.658616+00:00,157.4,50,ask,,,10375790
2026-07-07T05:00:11.341663,2026-07-07T05:00:11.350656+00:00,157.4,48,ask,,,10375812
2026-07-07T05:00:11.786486,2026-07-07T05:00:11.798118+00:00,157.2,50,ask,,,10375822
2026-07-07T05:00:13.808338,2026-07-07T05:00:13.817456+00:00,157.5,44,bid,,,10375845
2026-07-07T05:00:13.892694,2026-07-07T05:00:13.902323+00:00,157.2,50,ask,,,10375848
2026-07-07T05:00:14.430820,2026-07-07T05:00:14.439807+00:00,157.5,42,bid,,,10375858
2026-07-07T05:00:15.459826,2026-07-07T05:00:15.471627+00:00,157.3,100,bid,,,10375872
2026-07-07T05:00:16.013642,2026-07-07T05:00:16.029772+00:00,156.8,50,ask,,,10375880
2026-07-07T05:00:16.977778,2026-07-07T05:00:16.989559+00:00,156.8,45,ask,,,10375894
2026-07-07T05:00:18.072784,2026-07-07T05:00:18.079725+00:00,157.2,50,bid,,,10375910
2026-07-07T05:00:20.576930,2026-07-07T05:00:20.585035+00:00,157.2,48,bid,,,10375940
2026-07-07T05:00:22.292840,2026-07-07T05:00:22.300300+00:00,157.6,50,bid,,,10375972
2026-07-07T05:00:24.398402,2026-07-07T05:00:24.409918+00:00,157.6,50,bid,,,10375997
2026-07-07T05:00:26.506103,2026-07-07T05:00:26.517722+00:00,158.0,50,bid,,,10376022
2026-07-07T05:00:27.380916,2026-07-07T05:00:27.392559+00:00,157.5,44,ask,,,10376038
2026-07-07T05:00:28.320495,2026-07-07T05:00:28.332020+00:00,157.6,47,ask,,,10376048
2026-07-07T05:00:28.612134,2026-07-07T05:00:28.624075+00:00,157.8,50,bid,,,10376051
2026-07-07T05:00:30.740422,2026-07-07T05:00:30.758626+00:00,157.8,50,bid,,,10376078
2026-07-07T05:00:32.848381,2026-07-07T05:00:32.854957+00:00,158.2,50,bid,,,10376109
2026-07-07T05:00:34.008236,2026-07-07T05:00:34.022731+00:00,158.2,47,bid,,,10376132
2026-07-07T05:00:34.964644,2026-07-07T05:00:34.973612+00:00,158.2,50,bid,,,10376146
2026-07-07T05:00:35.745867,2026-07-07T05:00:35.758618+00:00,157.7,47,ask,,,10376151
2026-07-07T05:00:36.237250,2026-07-07T05:00:36.249099+00:00,158.2,45,bid,,,10376159
2026-07-07T05:00:36.907558,2026-07-07T05:00:36.917029+00:00,158.1,17,ask,,,10376166
2026-07-07T05:00:37.070230,2026-07-07T05:00:37.080467+00:00,158.2,50,bid,,,10376178
2026-07-07T05:00:38.396585,2026-07-07T05:00:38.405808+00:00,158.1,12,ask,,,10376191
2026-07-07T05:00:39.236215,2026-07-07T05:00:39.246630+00:00,158.1,50,ask,,,10376206
2026-07-07T05:00:39.701651,2026-07-07T05:00:39.709576+00:00,158.2,8,bid,,,10376215
2026-07-07T05:00:40.498456,2026-07-07T05:00:40.509315+00:00,158.1,8,ask,,,10376223
2026-07-07T05:00:40.498456,2026-07-07T05:00:40.509315+00:00,158.0,35,ask,,,10376224
2026-07-07T05:00:41.342148,2026-07-07T05:00:41.349315+00:00,158.1,50,ask,,,10376239
2026-07-07T05:00:43.118537,2026-07-07T05:00:43.126355+00:00,158.5,46,bid,,,10376258
2026-07-07T05:00:45.552461,2026-07-07T05:00:45.558593+00:00,158.0,50,ask,,,10376290
2026-07-07T05:00:47.659483,2026-07-07T05:00:47.671060+00:00,157.9,50,ask,,,10376324
2026-07-07T05:00:49.767078,2026-07-07T05:00:49.778666+00:00,157.9,50,ask,,,10376348
2026-07-07T05:00:49.966722,2026-07-07T05:00:49.976545+00:00,157.8,43,ask,,,10376360
2026-07-07T05:00:50.359689,2026-07-07T05:00:50.369410+00:00,158.1,4,bid,,,10376365
2026-07-07T05:00:51.476156,2026-07-07T05:00:51.486165+00:00,158.1,11,bid,,,10376391
2026-07-07T05:00:51.582971,2026-07-07T05:00:51.594958+00:00,158.1,48,bid,,,10376393
2026-07-07T05:00:51.733746,2026-07-07T05:00:51.743954+00:00,158.1,6,bid,,,10376396
2026-07-07T05:00:51.873463,2026-07-07T05:00:51.885385+00:00,157.8,50,ask,,,10376398
2026-07-07T05:00:53.980541,2026-07-07T05:00:53.992277+00:00,157.8,50,ask,,,10376431
2026-07-07T05:00:54.188471,2026-07-07T05:00:54.200185+00:00,157.8,43,ask,,,10376432
2026-07-07T05:00:55.316188,2026-07-07T05:00:55.323878+00:00,157.8,7,ask,,,10376450
2026-07-07T05:00:58.139482,2026-07-07T05:00:58.146974+00:00,157.8,50,bid,,,10376489
2026-07-07T05:00:58.492257,2026-07-07T05:00:58.499576+00:00,157.8,43,bid,,,10376504
2026-07-07T05:00:59.027449,2026-07-07T05:00:59.038929+00:00,157.8,100,bid,,,10376511
2026-07-07T05:00:59.525872,2026-07-07T05:00:59.534454+00:00,157.9,44,ask,,,10376516
2026-07-07T05:01:02.399936,2026-07-07T05:01:02.411842+00:00,157.9,50,ask,,,10376567
2026-07-07T05:01:04.205758,2026-07-07T05:01:04.212947+00:00,158.0,49,bid,,,10376588
2026-07-07T05:01:04.506031,2026-07-07T05:01:04.517610+00:00,157.9,50,ask,,,10376598
2026-07-07T05:01:05.404025,2026-07-07T05:01:05.415881+00:00,157.9,50,ask,,,10376608
2026-07-07T05:01:06.560874,2026-07-07T05:01:06.570588+00:00,157.9,50,bid,,,10376621
2026-07-07T05:01:07.271293,2026-07-07T05:01:07.281748+00:00,157.5,44,ask,,,10376639
2026-07-07T05:01:08.667556,2026-07-07T05:01:08.679212+00:00,157.9,50,bid,,,10376652
2026-07-07T05:01:10.717771,2026-07-07T05:01:10.729441+00:00,157.8,43,ask,,,10376682
2026-07-07T05:01:10.780380,2026-07-07T05:01:10.792116+00:00,158.1,50,bid,,,10376685
2026-07-07T05:01:11.896069,2026-07-07T05:01:11.904018+00:00,158.0,41,bid,,,10376700
2026-07-07T05:01:12.887428,2026-07-07T05:01:12.898423+00:00,158.0,50,bid,,,10376724
2026-07-07T05:01:13.969315,2026-07-07T05:01:13.981044+00:00,158.0,44,bid,,,10376742
2026-07-07T05:01:14.993724,2026-07-07T05:01:15.005561+00:00,158.2,50,bid,,,10376750
2026-07-07T05:01:15.964933,2026-07-07T05:01:15.973235+00:00,158.0,6,ask,,,10376770
2026-07-07T05:01:17.172366,2026-07-07T05:01:17.186750+00:00,158.0,50,ask,,,10376794
2026-07-07T05:01:19.278660,2026-07-07T05:01:19.286974+00:00,157.8,50,ask,,,10376819
2026-07-07T05:01:21.224402,2026-07-07T05:01:21.234681+00:00,157.8,100,ask,,,10376851
2026-07-07T05:01:21.670266,2026-07-07T05:01:21.678591+00:00,157.8,6,bid,,,10376865
2026-07-07T05:01:22.173260,2026-07-07T05:01:22.181537+00:00,157.4,47,ask,,,10376873
2026-07-07T05:01:22.748611,2026-07-07T05:01:22.755167+00:00,157.8,42,bid,,,10376882
2026-07-07T05:01:23.235992,2026-07-07T05:01:23.247732+00:00,157.4,46,ask,,,10376893
2026-07-07T05:01:24.333827,2026-07-07T05:01:24.344665+00:00,157.9,100,bid,,,10376904
2026-07-07T05:01:24.333827,2026-07-07T05:01:24.344665+00:00,158.4,8,bid,,,10376905
2026-07-07T05:01:24.399779,2026-07-07T05:01:24.408539+00:00,158.4,40,ask,,,10376908
2026-07-07T05:01:25.150061,2026-07-07T05:01:25.168122+00:00,158.4,2,ask,,,10376920
2026-07-07T05:01:25.150061,2026-07-07T05:01:25.168122+00:00,158.0,8,ask,,,10376921
2026-07-07T05:01:25.159801,2026-07-07T05:01:25.168122+00:00,158.0,34,bid,,,10376922
2026-07-07T05:01:27.673900,2026-07-07T05:01:27.685414+00:00,158.0,43,bid,,,10376956
2026-07-07T05:01:27.703767,2026-07-07T05:01:27.715437+00:00,157.5,50,ask,,,10376961
2026-07-07T05:01:29.758527,2026-07-07T05:01:29.770370+00:00,157.9,50,bid,,,10376992
2026-07-07T05:01:31.291361,2026-07-07T05:01:31.298349+00:00,157.4,42,ask,,,10377016
2026-07-07T05:01:31.870373,2026-07-07T05:01:31.882437+00:00,157.9,50,bid,,,10377032
2026-07-07T05:01:33.977266,2026-07-07T05:01:33.988873+00:00,157.8,50,bid,,,10377064
2026-07-07T05:01:34.488572,2026-07-07T05:01:34.500284+00:00,157.8,48,bid,,,10377073
2026-07-07T05:01:35.016874,2026-07-07T05:01:35.028738+00:00,157.3,44,ask,,,10377088
2026-07-07T05:01:35.612060,2026-07-07T05:01:35.619817+00:00,157.7,42,bid,,,10377094
2026-07-07T05:01:36.099871,2026-07-07T05:01:36.111449+00:00,157.7,50,bid,,,10377101
2026-07-07T05:01:37.126649,2026-07-07T05:01:37.138131+00:00,157.6,46,ask,,,10377111
2026-07-07T05:01:37.767779,2026-07-07T05:01:37.775357+00:00,157.6,44,ask,,,10377122
2026-07-07T05:01:42.495378,2026-07-07T05:01:42.506919+00:00,157.8,50,ask,,,10377201
2026-07-07T05:01:43.040493,2026-07-07T05:01:43.046971+00:00,158.1,8,bid,,,10377206
2026-07-07T05:01:43.040493,2026-07-07T05:01:43.052247+00:00,158.1,17,bid,,,10377207
2026-07-07T05:01:44.562703,2026-07-07T05:01:44.579852+00:00,157.9,10,bid,,,10377235
2026-07-07T05:01:44.562703,2026-07-07T05:01:44.579852+00:00,158.0,40,bid,,,10377236
2026-07-07T05:01:44.601231,2026-07-07T05:01:44.609337+00:00,158.0,10,bid,,,10377237
2026-07-07T05:01:45.581359,2026-07-07T05:01:45.588652+00:00,158.0,45,bid,,,10377249
2026-07-07T05:01:46.656859,2026-07-07T05:01:46.663634+00:00,157.7,10,bid,,,10377265
2026-07-07T05:01:46.656859,2026-07-07T05:01:46.669081+00:00,157.8,37,bid,,,10377266
2026-07-07T05:01:46.685430,2026-07-07T05:01:46.694639+00:00,157.8,10,bid,,,10377268
2026-07-07T05:01:46.713159,2026-07-07T05:01:46.765309+00:00,157.7,8,ask,,,10377269
2026-07-07T05:01:46.713159,2026-07-07T05:01:46.765309+00:00,157.5,38,ask,,,10377270
2026-07-07T05:01:47.299858,2026-07-07T05:01:47.306737+00:00,157.7,10,bid,,,10377276
2026-07-07T05:01:47.299858,2026-07-07T05:01:47.312410+00:00,157.8,39,bid,,,10377277
2026-07-07T05:01:47.379345,2026-07-07T05:01:47.390219+00:00,157.8,10,bid,,,10377278
2026-07-07T05:01:48.005695,2026-07-07T05:01:48.017871+00:00,157.7,6,bid,,,10377284
2026-07-07T05:01:48.102895,2026-07-07T05:01:48.114757+00:00,157.8,6,bid,,,10377286
2026-07-07T05:01:48.302441,2026-07-07T05:01:48.313070+00:00,157.6,10,ask,,,10377288
2026-07-07T05:01:48.302441,2026-07-07T05:01:48.313070+00:00,157.5,32,ask,,,10377289
2026-07-07T05:01:48.799198,2026-07-07T05:01:48.809946+00:00,157.7,10,bid,,,10377311
2026-07-07T05:01:48.799198,2026-07-07T05:01:48.809946+00:00,157.8,40,bid,,,10377312
2026-07-07T05:01:48.816795,2026-07-07T05:01:48.825288+00:00,157.8,8,bid,,,10377313
2026-07-07T05:01:48.816795,2026-07-07T05:01:48.825288+00:00,158.0,2,bid,,,10377314
2026-07-07T05:01:49.288367,2026-07-07T05:01:49.300445+00:00,157.7,2,ask,,,10377320
2026-07-07T05:01:49.288367,2026-07-07T05:01:49.300445+00:00,157.5,41,ask,,,10377321
2026-07-07T05:01:49.668533,2026-07-07T05:01:49.680397+00:00,157.9,10,bid,,,10377325
2026-07-07T05:01:49.668533,2026-07-07T05:01:49.680397+00:00,158.0,100,bid,,,10377326
2026-07-07T05:01:49.668533,2026-07-07T05:01:49.680397+00:00,158.1,8,bid,,,10377327
2026-07-07T05:01:49.739959,2026-07-07T05:01:49.787662+00:00,158.1,17,ask,,,10377330
2026-07-07T05:01:49.750261,2026-07-07T05:01:49.787662+00:00,158.1,15,ask,,,10377332
2026-07-07T05:01:50.871156,2026-07-07T05:01:50.883008+00:00,158.2,8,bid,,,10377348
2026-07-07T05:01:50.871156,2026-07-07T05:01:50.883008+00:00,158.3,33,bid,,,10377349
2026-07-07T05:01:50.910929,2026-07-07T05:01:50.920630+00:00,158.3,50,bid,,,10377351
2026-07-07T05:01:51.973894,2026-07-07T05:01:51.983389+00:00,157.8,44,ask,,,10377369
2026-07-07T05:01:53.044853,2026-07-07T05:01:53.048478+00:00,158.0,50,bid,,,10377383
2026-07-07T05:01:55.151515,2026-07-07T05:01:55.163644+00:00,158.0,50,bid,,,10377412
2026-07-07T05:01:56.036705,2026-07-07T05:01:56.058617+00:00,158.1,8,bid,,,10377422
2026-07-07T05:01:56.036705,2026-07-07T05:01:56.058617+00:00,158.4,36,bid,,,10377423
2026-07-07T05:01:57.289880,2026-07-07T05:01:57.301760+00:00,158.2,8,bid,,,10377446
2026-07-07T05:01:57.289880,2026-07-07T05:01:57.301760+00:00,158.3,42,bid,,,10377447
2026-07-07T05:01:57.647541,2026-07-07T05:01:57.663995+00:00,158.0,40,ask,,,10377457
2026-07-07T05:01:58.727578,2026-07-07T05:01:58.736478+00:00,158.3,40,bid,,,10377474
2026-07-07T05:01:59.220048,2026-07-07T05:01:59.230560+00:00,158.2,23,ask,,,10377476
2026-07-07T05:01:59.398638,2026-07-07T05:01:59.458712+00:00,158.4,8,bid,,,10377478
2026-07-07T05:01:59.398638,2026-07-07T05:01:59.458712+00:00,158.5,42,bid,,,10377479
2026-07-07T05:01:59.693606,2026-07-07T05:01:59.703790+00:00,158.2,11,ask,,,10377486
2026-07-07T05:02:01.496646,2026-07-07T05:02:01.503115+00:00,158.2,44,ask,,,10377509
2026-07-07T05:02:03.206044,2026-07-07T05:02:03.217866+00:00,157.9,48,ask,,,10377537
2026-07-07T05:02:04.171322,2026-07-07T05:02:04.183076+00:00,158.2,8,bid,,,10377546
2026-07-07T05:02:04.171322,2026-07-07T05:02:04.183076+00:00,158.3,34,bid,,,10377547
2026-07-07T05:02:05.227470,2026-07-07T05:02:05.239383+00:00,158.3,41,bid,,,10377560
2026-07-07T05:02:05.749598,2026-07-07T05:02:05.758551+00:00,158.4,50,bid,,,10377570
2026-07-07T05:02:07.856214,2026-07-07T05:02:07.865327+00:00,158.4,8,bid,,,10377593
2026-07-07T05:02:07.856214,2026-07-07T05:02:07.865327+00:00,158.5,42,bid,,,10377594
2026-07-07T05:02:07.869294,2026-07-07T05:02:07.880783+00:00,158.2,43,ask,,,10377596
2026-07-07T05:02:09.422453,2026-07-07T05:02:09.432516+00:00,158.2,42,ask,,,10377621
2026-07-07T05:02:10.017694,2026-07-07T05:02:10.029525+00:00,158.2,50,ask,,,10377629
2026-07-07T05:02:10.448024,2026-07-07T05:02:10.458584+00:00,158.4,8,bid,,,10377634
2026-07-07T05:02:10.448024,2026-07-07T05:02:10.458584+00:00,158.5,41,bid,,,10377635
2026-07-07T05:02:11.025740,2026-07-07T05:02:11.033343+00:00,158.5,43,bid,,,10377644
2026-07-07T05:02:11.608140,2026-07-07T05:02:11.615740+00:00,158.2,8,ask,,,10377650
2026-07-07T05:02:11.608140,2026-07-07T05:02:11.621006+00:00,158.0,32,ask,,,10377651
2026-07-07T05:02:12.124163,2026-07-07T05:02:12.135874+00:00,158.1,50,ask,,,10377665
2026-07-07T05:02:14.000731,2026-07-07T05:02:14.013215+00:00,158.2,48,bid,,,10377695
2026-07-07T05:02:14.054672,2026-07-07T05:02:14.066293+00:00,158.1,44,ask,,,10377698
2026-07-07T05:02:14.231805,2026-07-07T05:02:14.243569+00:00,158.1,50,ask,,,10377702
2026-07-07T05:02:14.702297,2026-07-07T05:02:14.713936+00:00,158.1,6,ask,,,10377707
2026-07-07T05:02:14.702297,2026-07-07T05:02:14.713936+00:00,157.8,8,ask,,,10377708
2026-07-07T05:02:16.286841,2026-07-07T05:02:16.297122+00:00,158.0,50,bid,,,10377724
2026-07-07T05:02:16.747040,2026-07-07T05:02:16.754391+00:00,158.0,22,bid,,,10377733
2026-07-07T05:02:18.393834,2026-07-07T05:02:18.405863+00:00,158.2,8,bid,,,10377756
2026-07-07T05:02:18.393834,2026-07-07T05:02:18.405863+00:00,158.3,42,bid,,,10377757
2026-07-07T05:02:20.190477,2026-07-07T05:02:20.202018+00:00,158.4,46,bid,,,10377792
2026-07-07T05:02:20.553397,2026-07-07T05:02:20.565239+00:00,158.1,50,ask,,,10377796
2026-07-07T05:02:20.680517,2026-07-07T05:02:20.689907+00:00,158.1,22,ask,,,10377801
2026-07-07T05:02:24.712956,2026-07-07T05:02:24.724890+00:00,158.1,8,bid,,,10377861
2026-07-07T05:02:24.712956,2026-07-07T05:02:24.724890+00:00,158.2,42,bid,,,10377862
2026-07-07T05:02:26.368972,2026-07-07T05:02:26.380484+00:00,157.9,42,ask,,,10377893
2026-07-07T05:02:26.826446,2026-07-07T05:02:26.837952+00:00,158.3,8,bid,,,10377905
2026-07-07T05:02:26.826446,2026-07-07T05:02:26.837952+00:00,158.3,42,bid,,,10377906
2026-07-07T05:02:26.872461,2026-07-07T05:02:26.884104+00:00,158.3,42,bid,,,10377908
2026-07-07T05:02:27.380654,2026-07-07T05:02:27.392462+00:00,157.9,48,ask,,,10377919
2026-07-07T05:02:28.332511,2026-07-07T05:02:28.341191+00:00,158.1,100,bid,,,10377931
2026-07-07T05:02:28.472592,2026-07-07T05:02:28.484371+00:00,158.1,48,bid,,,10377932
2026-07-07T05:02:28.933541,2026-07-07T05:02:28.945170+00:00,158.1,2,bid,,,10377941
2026-07-07T05:02:28.933541,2026-07-07T05:02:28.945170+00:00,158.1,8,bid,,,10377942
2026-07-07T05:02:29.379686,2026-07-07T05:02:29.391562+00:00,157.7,8,ask,,,10377952
2026-07-07T05:02:29.379686,2026-07-07T05:02:29.391562+00:00,157.6,34,ask,,,10377953
2026-07-07T05:02:30.997315,2026-07-07T05:02:31.011126+00:00,158.3,8,bid,,,10377980
2026-07-07T05:02:30.997315,2026-07-07T05:02:31.011126+00:00,158.5,39,bid,,,10377981
2026-07-07T05:02:31.042288,2026-07-07T05:02:31.053872+00:00,158.5,50,bid,,,10377982
2026-07-07T05:02:33.150386,2026-07-07T05:02:33.158562+00:00,158.2,50,bid,,,10378010
2026-07-07T05:02:34.027236,2026-07-07T05:02:34.036547+00:00,158.2,50,bid,,,10378021
2026-07-07T05:02:34.027236,2026-07-07T05:02:34.036547+00:00,158.3,8,bid,,,10378022
2026-07-07T05:02:34.093103,2026-07-07T05:02:34.101180+00:00,158.5,23,ask,,,10378026
2026-07-07T05:02:34.300193,2026-07-07T05:02:34.309808+00:00,158.5,3,ask,,,10378031
2026-07-07T05:02:34.568933,2026-07-07T05:02:34.580764+00:00,158.5,3,ask,,,10378035
2026-07-07T05:02:34.828129,2026-07-07T05:02:34.839946+00:00,158.5,3,ask,,,10378039
2026-07-07T05:02:35.099689,2026-07-07T05:02:35.109637+00:00,158.5,3,ask,,,10378049
2026-07-07T05:02:35.257491,2026-07-07T05:02:35.269137+00:00,158.7,8,bid,,,10378057
2026-07-07T05:02:35.818849,2026-07-07T05:02:35.826801+00:00,158.5,12,ask,,,10378064
2026-07-07T05:02:37.455984,2026-07-07T05:02:37.463830+00:00,158.3,46,ask,,,10378089
2026-07-07T05:02:38.890064,2026-07-07T05:02:38.901565+00:00,158.2,48,ask,,,10378105
2026-07-07T05:02:39.518589,2026-07-07T05:02:39.530050+00:00,158.2,50,ask,,,10378110
2026-07-07T05:02:40.399933,2026-07-07T05:02:40.407318+00:00,158.6,4,bid,,,10378129
2026-07-07T05:02:40.399933,2026-07-07T05:02:40.412792+00:00,158.7,45,bid,,,10378130
2026-07-07T05:02:41.574323,2026-07-07T05:02:41.586047+00:00,158.3,50,bid,,,10378147
2026-07-07T05:02:42.528754,2026-07-07T05:02:42.539129+00:00,158.3,40,bid,,,10378167
2026-07-07T05:02:43.683309,2026-07-07T05:02:43.690685+00:00,158.4,50,bid,,,10378179
2026-07-07T05:02:45.840921,2026-07-07T05:02:45.852546+00:00,158.0,50,ask,,,10378222
2026-07-07T05:02:47.037627,2026-07-07T05:02:47.049152+00:00,158.0,47,ask,,,10378243
2026-07-07T05:02:47.897061,2026-07-07T05:02:47.903853+00:00,158.0,50,bid,,,10378252
2026-07-07T05:02:49.100538,2026-07-07T05:02:49.108767+00:00,157.7,48,ask,,,10378276
2026-07-07T05:02:50.053672,2026-07-07T05:02:50.065378+00:00,157.6,8,ask,,,10378295
2026-07-07T05:02:50.053672,2026-07-07T05:02:50.065378+00:00,157.5,42,ask,,,10378296
2026-07-07T05:02:52.165535,2026-07-07T05:02:52.172754+00:00,157.6,8,ask,,,10378346
2026-07-07T05:02:52.165535,2026-07-07T05:02:52.178074+00:00,157.4,42,ask,,,10378347
2026-07-07T05:02:53.438963,2026-07-07T05:02:53.447294+00:00,157.6,12,bid,,,10378367
2026-07-07T05:02:54.272769,2026-07-07T05:02:54.279936+00:00,157.3,50,ask,,,10378378
2026-07-07T05:02:54.454564,2026-07-07T05:02:54.464316+00:00,157.5,8,bid,,,10378381
2026-07-07T05:02:54.454564,2026-07-07T05:02:54.464316+00:00,157.6,39,bid,,,10378382
2026-07-07T05:02:54.508696,2026-07-07T05:02:54.515986+00:00,157.3,41,ask,,,10378383
2026-07-07T05:02:56.379771,2026-07-07T05:02:56.390336+00:00,157.3,9,ask,,,10378414
2026-07-07T05:02:56.379771,2026-07-07T05:02:56.390336+00:00,157.2,8,ask,,,10378415
2026-07-07T05:02:56.379771,2026-07-07T05:02:56.390336+00:00,157.1,33,ask,,,10378416
2026-07-07T05:02:56.856581,2026-07-07T05:02:56.858543+00:00,157.1,100,ask,,,10378426
2026-07-07T05:02:57.373378,2026-07-07T05:02:57.381766+00:00,157.5,8,bid,,,10378434
2026-07-07T05:02:58.489749,2026-07-07T05:02:58.499942+00:00,157.1,17,ask,,,10378460
2026-07-07T05:02:58.489749,2026-07-07T05:02:58.499942+00:00,157.1,8,ask,,,10378461
2026-07-07T05:02:58.489749,2026-07-07T05:02:58.499942+00:00,156.6,25,ask,,,10378462
2026-07-07T05:02:59.405196,2026-07-07T05:02:59.414609+00:00,157.0,26,bid,,,10378470
2026-07-07T05:03:00.612965,2026-07-07T05:03:00.627202+00:00,156.9,8,ask,,,10378489
2026-07-07T05:03:00.612965,2026-07-07T05:03:00.627202+00:00,156.8,42,ask,,,10378490
2026-07-07T05:03:01.674980,2026-07-07T05:03:01.686632+00:00,157.0,46,bid,,,10378506
2026-07-07T05:03:02.726708,2026-07-07T05:03:02.733748+00:00,156.9,8,ask,,,10378522
2026-07-07T05:03:02.726708,2026-07-07T05:03:02.739017+00:00,156.8,42,ask,,,10378523
2026-07-07T05:03:04.853242,2026-07-07T05:03:04.868679+00:00,156.7,8,ask,,,10378554
2026-07-07T05:03:04.853242,2026-07-07T05:03:04.868679+00:00,156.6,42,ask,,,10378555
2026-07-07T05:03:05.946758,2026-07-07T05:03:05.953143+00:00,156.9,46,bid,,,10378578
2026-07-07T05:03:06.912281,2026-07-07T05:03:06.924051+00:00,156.9,50,bid,,,10378586
2026-07-07T05:03:07.593579,2026-07-07T05:03:07.605223+00:00,156.9,47,bid,,,10378601
2026-07-07T05:03:07.649676,2026-07-07T05:03:07.656458+00:00,156.7,8,ask,,,10378604
2026-07-07T05:03:07.649676,2026-07-07T05:03:07.656458+00:00,156.4,34,ask,,,10378605
2026-07-07T05:03:11.141735,2026-07-07T05:03:11.148318+00:00,156.9,50,bid,,,10378663
2026-07-07T05:03:13.084332,2026-07-07T05:03:13.091654+00:00,156.6,8,ask,,,10378699
2026-07-07T05:03:15.431943,2026-07-07T05:03:15.443929+00:00,156.4,50,ask,,,10378731
2026-07-07T05:03:17.356635,2026-07-07T05:03:17.368556+00:00,156.7,45,bid,,,10378760
2026-07-07T05:03:17.411838,2026-07-07T05:03:17.423590+00:00,156.5,8,ask,,,10378761
2026-07-07T05:03:17.411838,2026-07-07T05:03:17.423590+00:00,156.3,36,ask,,,10378762
2026-07-07T05:03:17.489749,2026-07-07T05:03:17.501183+00:00,156.7,50,bid,,,10378764
2026-07-07T05:03:17.888411,2026-07-07T05:03:17.900241+00:00,156.7,43,bid,,,10378777
2026-07-07T05:03:18.312540,2026-07-07T05:03:18.320248+00:00,156.8,100,bid,,,10378781
2026-07-07T05:03:18.312540,2026-07-07T05:03:18.325470+00:00,156.9,8,bid,,,10378782
2026-07-07T05:03:18.384814,2026-07-07T05:03:18.397881+00:00,157.0,26,ask,,,10378785
2026-07-07T05:03:18.385049,2026-07-07T05:03:18.397881+00:00,157.0,16,ask,,,10378786
2026-07-07T05:03:18.385049,2026-07-07T05:03:18.397881+00:00,156.3,30,ask,,,10378787
2026-07-07T05:03:19.431869,2026-07-07T05:03:19.440074+00:00,156.5,8,ask,,,10378803
2026-07-07T05:03:19.431869,2026-07-07T05:03:19.440074+00:00,156.4,39,ask,,,10378804
2026-07-07T05:03:19.620116,2026-07-07T05:03:19.629574+00:00,156.9,50,bid,,,10378812
2026-07-07T05:03:19.995011,2026-07-07T05:03:20.004359+00:00,156.9,43,bid,,,10378817
2026-07-07T05:03:20.506420,2026-07-07T05:03:20.513087+00:00,156.4,41,ask,,,10378824
2026-07-07T05:03:20.941844,2026-07-07T05:03:20.953577+00:00,156.9,7,bid,,,10378834
2026-07-07T05:03:20.954568,2026-07-07T05:03:20.963151+00:00,157.1,4,bid,,,10378836
2026-07-07T05:03:21.729309,2026-07-07T05:03:21.741282+00:00,157.2,8,bid,,,10378850
2026-07-07T05:03:21.729309,2026-07-07T05:03:21.741282+00:00,157.2,42,bid,,,10378851
2026-07-07T05:03:22.734264,2026-07-07T05:03:22.743939+00:00,157.2,45,bid,,,10378870
2026-07-07T05:03:23.853372,2026-07-07T05:03:23.865167+00:00,157.2,50,bid,,,10378884
2026-07-07T05:03:24.886107,2026-07-07T05:03:24.895723+00:00,157.1,11,ask,,,10378903
2026-07-07T05:03:25.327844,2026-07-07T05:03:25.335851+00:00,157.1,100,ask,,,10378910
2026-07-07T05:03:25.459605,2026-07-07T05:03:25.467231+00:00,157.1,12,ask,,,10378913
2026-07-07T05:03:25.960573,2026-07-07T05:03:25.968899+00:00,157.3,8,bid,,,10378921
2026-07-07T05:03:25.960573,2026-07-07T05:03:25.968899+00:00,157.6,42,bid,,,10378922
2026-07-07T05:03:27.019063,2026-07-07T05:03:27.031195+00:00,157.1,27,ask,,,10378944
2026-07-07T05:03:27.019063,2026-07-07T05:03:27.031195+00:00,157.0,8,ask,,,10378945
2026-07-07T05:03:27.019063,2026-07-07T05:03:27.031195+00:00,156.6,6,ask,,,10378946
2026-07-07T05:03:28.094238,2026-07-07T05:03:28.105731+00:00,157.2,50,bid,,,10378962
2026-07-07T05:03:28.807084,2026-07-07T05:03:28.817230+00:00,157.2,12,bid,,,10378979
2026-07-07T05:03:29.562299,2026-07-07T05:03:29.574090+00:00,157.2,49,bid,,,10378990
2026-07-07T05:03:30.112804,2026-07-07T05:03:30.121616+00:00,157.0,42,ask,,,10379000
2026-07-07T05:03:30.957922,2026-07-07T05:03:30.969633+00:00,157.2,8,bid,,,10379013
2026-07-07T05:03:31.719411,2026-07-07T05:03:31.728113+00:00,157.2,8,ask,,,10379024
2026-07-07T05:03:32.144462,2026-07-07T05:03:32.154776+00:00,157.3,45,bid,,,10379032
2026-07-07T05:03:32.304867,2026-07-07T05:03:32.316534+00:00,157.3,50,bid,,,10379033
2026-07-07T05:03:33.195249,2026-07-07T05:03:33.206885+00:00,157.2,42,ask,,,10379046
2026-07-07T05:03:34.179513,2026-07-07T05:03:34.189345+00:00,157.2,48,ask,,,10379061
2026-07-07T05:03:34.413413,2026-07-07T05:03:34.425471+00:00,157.3,5,bid,,,10379062
2026-07-07T05:03:34.413413,2026-07-07T05:03:34.425471+00:00,157.3,8,bid,,,10379063
2026-07-07T05:03:34.413413,2026-07-07T05:03:34.425471+00:00,157.7,37,bid,,,10379064
2026-07-07T05:03:34.775239,2026-07-07T05:03:34.784463+00:00,157.6,8,bid,,,10379076
2026-07-07T05:03:34.775239,2026-07-07T05:03:34.784463+00:00,157.7,33,bid,,,10379077
2026-07-07T05:03:36.523167,2026-07-07T05:03:36.533297+00:00,157.7,50,bid,,,10379100
2026-07-07T05:03:36.726837,2026-07-07T05:03:36.734542+00:00,157.4,49,ask,,,10379102
2026-07-07T05:03:37.365655,2026-07-07T05:03:37.374917+00:00,157.8,8,bid,,,10379116
2026-07-07T05:03:37.365655,2026-07-07T05:03:37.374917+00:00,157.9,38,bid,,,10379117
2026-07-07T05:03:38.629506,2026-07-07T05:03:38.641085+00:00,157.6,8,bid,,,10379137
2026-07-07T05:03:38.629506,2026-07-07T05:03:38.641085+00:00,157.7,42,bid,,,10379138
2026-07-07T05:03:39.360763,2026-07-07T05:03:39.369714+00:00,157.7,43,bid,,,10379149
2026-07-07T05:03:40.789057,2026-07-07T05:03:40.800776+00:00,157.5,50,ask,,,10379170
2026-07-07T05:03:41.092690,2026-07-07T05:03:41.099518+00:00,157.7,4,bid,,,10379172
2026-07-07T05:03:41.105855,2026-07-07T05:03:41.113319+00:00,157.7,12,ask,,,10379173
2026-07-07T05:03:44.437163,2026-07-07T05:03:44.444446+00:00,157.7,46,ask,,,10379214
2026-07-07T05:03:44.522449,2026-07-07T05:03:44.531674+00:00,157.7,11,ask,,,10379215
2026-07-07T05:03:44.946762,2026-07-07T05:03:44.958556+00:00,158.0,50,bid,,,10379226
2026-07-07T05:03:45.490958,2026-07-07T05:03:45.502651+00:00,158.0,40,bid,,,10379247
2026-07-07T05:03:46.130234,2026-07-07T05:03:46.142197+00:00,157.7,43,ask,,,10379259
2026-07-07T05:03:46.130234,2026-07-07T05:03:46.142197+00:00,157.5,6,ask,,,10379260
2026-07-07T05:03:47.052726,2026-07-07T05:03:47.055453+00:00,158.2,50,bid,,,10379274
2026-07-07T05:03:48.296779,2026-07-07T05:03:48.308255+00:00,157.9,41,ask,,,10379295
2026-07-07T05:03:48.476323,2026-07-07T05:03:48.484090+00:00,157.9,3,ask,,,10379298
2026-07-07T05:03:49.211377,2026-07-07T05:03:49.222868+00:00,157.9,50,ask,,,10379308
2026-07-07T05:03:49.242253,2026-07-07T05:03:49.252973+00:00,158.1,42,bid,,,10379311
2026-07-07T05:03:50.314004,2026-07-07T05:03:50.321560+00:00,158.1,43,bid,,,10379330
2026-07-07T05:03:51.268006,2026-07-07T05:03:51.279666+00:00,158.1,50,bid,,,10379346
2026-07-07T05:03:51.816291,2026-07-07T05:03:51.823884+00:00,158.0,40,ask,,,10379359
2026-07-07T05:03:52.413982,2026-07-07T05:03:52.425903+00:00,158.0,44,ask,,,10379366
2026-07-07T05:03:52.903424,2026-07-07T05:03:52.914976+00:00,158.0,16,ask,,,10379371
2026-07-07T05:03:53.374897,2026-07-07T05:03:53.386649+00:00,158.1,50,bid,,,10379384
2026-07-07T05:03:54.088587,2026-07-07T05:03:54.100665+00:00,158.1,44,bid,,,10379394
2026-07-07T05:03:54.612890,2026-07-07T05:03:54.622954+00:00,158.1,48,bid,,,10379410
2026-07-07T05:03:55.487037,2026-07-07T05:03:55.498684+00:00,158.1,8,bid,,,10379425
2026-07-07T05:03:55.487037,2026-07-07T05:03:55.498684+00:00,158.1,42,bid,,,10379426
2026-07-07T05:03:56.258689,2026-07-07T05:03:56.268936+00:00,158.1,58,bid,,,10379440
2026-07-07T05:03:56.337380,2026-07-07T05:03:56.345970+00:00,158.7,14,ask,,,10379442
2026-07-07T05:03:56.732479,2026-07-07T05:03:56.739365+00:00,158.7,43,ask,,,10379449
2026-07-07T05:03:56.980999,2026-07-07T05:03:56.992841+00:00,158.7,35,ask,,,10379455
2026-07-07T05:03:57.327435,2026-07-07T05:03:57.338756+00:00,158.1,44,ask,,,10379459
2026-07-07T05:03:57.600116,2026-07-07T05:03:57.607661+00:00,158.6,50,bid,,,10379463
2026-07-07T05:03:59.707821,2026-07-07T05:03:59.719548+00:00,158.4,50,bid,,,10379496
2026-07-07T05:03:59.952550,2026-07-07T05:03:59.964300+00:00,158.1,44,ask,,,10379502
2026-07-07T05:04:00.559770,2026-07-07T05:04:00.568641+00:00,158.4,44,bid,,,10379514
2026-07-07T05:04:02.126684,2026-07-07T05:04:02.138400+00:00,158.4,48,bid,,,10379532
2026-07-07T05:04:03.968022,2026-07-07T05:04:03.979548+00:00,158.3,50,ask,,,10379561
2026-07-07T05:04:06.053510,2026-07-07T05:04:06.055556+00:00,158.2,48,ask,,,10379604
2026-07-07T05:04:06.073697,2026-07-07T05:04:06.083415+00:00,158.2,50,ask,,,10379605
2026-07-07T05:04:06.666759,2026-07-07T05:04:06.676274+00:00,158.2,41,ask,,,10379622
2026-07-07T05:04:08.178361,2026-07-07T05:04:08.190406+00:00,158.2,11,ask,,,10379642
2026-07-07T05:04:08.178361,2026-07-07T05:04:08.190406+00:00,158.1,39,ask,,,10379643
2026-07-07T05:04:08.984896,2026-07-07T05:04:08.996425+00:00,158.1,61,ask,,,10379661
2026-07-07T05:04:09.020425,2026-07-07T05:04:09.029379+00:00,158.1,14,bid,,,10379663
2026-07-07T05:04:09.427001,2026-07-07T05:04:09.434533+00:00,158.1,3,bid,,,10379666
2026-07-07T05:04:10.287411,2026-07-07T05:04:10.295142+00:00,158.0,50,ask,,,10379681
2026-07-07T05:04:12.394814,2026-07-07T05:04:12.406406+00:00,158.0,50,ask,,,10379719
2026-07-07T05:04:14.524212,2026-07-07T05:04:14.537659+00:00,158.0,50,ask,,,10379754
2026-07-07T05:04:16.215282,2026-07-07T05:04:16.227392+00:00,158.0,46,bid,,,10379777
2026-07-07T05:04:16.631972,2026-07-07T05:04:16.644586+00:00,157.7,50,ask,,,10379782
2026-07-07T05:04:18.593914,2026-07-07T05:04:18.602222+00:00,158.0,23,bid,,,10379814
2026-07-07T05:04:18.739406,2026-07-07T05:04:18.752175+00:00,157.7,8,ask,,,10379817
2026-07-07T05:04:18.739406,2026-07-07T05:04:18.752175+00:00,157.6,42,ask,,,10379818
2026-07-07T05:04:20.849081,2026-07-07T05:04:20.858891+00:00,157.9,50,ask,,,10379863
2026-07-07T05:04:21.578384,2026-07-07T05:04:21.587625+00:00,158.4,45,bid,,,10379869
2026-07-07T05:04:22.157482,2026-07-07T05:04:22.169286+00:00,158.0,45,bid,,,10379882
2026-07-07T05:04:22.863320,2026-07-07T05:04:22.875340+00:00,157.8,44,ask,,,10379891
2026-07-07T05:04:22.955271,2026-07-07T05:04:22.950181+00:00,157.8,50,ask,,,10379892
2026-07-07T05:04:23.950288,2026-07-07T05:04:23.963678+00:00,157.8,6,ask,,,10379904
2026-07-07T05:04:23.950288,2026-07-07T05:04:23.963678+00:00,157.5,39,ask,,,10379905
2026-07-07T05:04:25.065230,2026-07-07T05:04:25.077007+00:00,157.5,8,ask,,,10379927
2026-07-07T05:04:25.065230,2026-07-07T05:04:25.077007+00:00,157.4,42,ask,,,10379928
2026-07-07T05:04:26.882496,2026-07-07T05:04:26.894286+00:00,157.8,8,bid,,,10379946
2026-07-07T05:04:26.882496,2026-07-07T05:04:26.899526+00:00,157.9,35,bid,,,10379947
2026-07-07T05:04:28.054672,2026-07-07T05:04:28.066385+00:00,157.9,42,bid,,,10379965
2026-07-07T05:04:29.245660,2026-07-07T05:04:29.257491+00:00,157.9,8,bid,,,10379985
2026-07-07T05:04:29.245660,2026-07-07T05:04:29.257491+00:00,158.0,42,bid,,,10379986
2026-07-07T05:04:31.408102,2026-07-07T05:04:31.422576+00:00,157.8,50,ask,,,10380016
2026-07-07T05:04:33.959938,2026-07-07T05:04:33.971643+00:00,157.8,42,ask,,,10380056
2026-07-07T05:04:34.300348,2026-07-07T05:04:34.306497+00:00,157.9,11,bid,,,10380063
2026-07-07T05:04:34.611871,2026-07-07T05:04:34.623628+00:00,157.8,42,ask,,,10380064
2026-07-07T05:04:35.568365,2026-07-07T05:04:35.575965+00:00,157.9,50,bid,,,10380069
2026-07-07T05:04:35.699893,2026-07-07T05:04:35.707904+00:00,157.9,12,bid,,,10380074
2026-07-07T05:04:37.724024,2026-07-07T05:04:37.735563+00:00,157.9,50,ask,,,10380099
2026-07-07T05:04:38.783062,2026-07-07T05:04:38.794561+00:00,158.3,40,bid,,,10380125
2026-07-07T05:04:39.831551,2026-07-07T05:04:39.843057+00:00,157.9,50,ask,,,10380135
2026-07-07T05:04:40.344513,2026-07-07T05:04:40.358572+00:00,158.3,40,bid,,,10380143
2026-07-07T05:04:40.612695,2026-07-07T05:04:40.624164+00:00,157.9,8,ask,,,10380151
2026-07-07T05:04:41.937360,2026-07-07T05:04:41.948793+00:00,157.8,50,ask,,,10380176
2026-07-07T05:04:42.340673,2026-07-07T05:04:42.349406+00:00,157.8,45,ask,,,10380185
2026-07-07T05:04:42.948168,2026-07-07T05:04:42.955798+00:00,157.9,11,bid,,,10380198
2026-07-07T05:04:43.085522,2026-07-07T05:04:43.096959+00:00,157.9,8,bid,,,10380206
2026-07-07T05:04:43.601916,2026-07-07T05:04:43.608760+00:00,157.9,8,bid,,,10380211
2026-07-07T05:04:44.047204,2026-07-07T05:04:44.054999+00:00,157.8,5,ask,,,10380221
2026-07-07T05:04:44.047204,2026-07-07T05:04:44.060192+00:00,157.7,45,ask,,,10380222
2026-07-07T05:04:44.576401,2026-07-07T05:04:44.663653+00:00,158.1,44,bid,,,10380233
2026-07-07T05:04:45.214847,2026-07-07T05:04:45.226342+00:00,158.1,47,bid,,,10380240
2026-07-07T05:04:45.270146,2026-07-07T05:04:45.277805+00:00,157.8,49,ask,,,10380242
2026-07-07T05:04:45.960356,2026-07-07T05:04:45.968335+00:00,158.1,11,bid,,,10380258
2026-07-07T05:04:46.158106,2026-07-07T05:04:46.169815+00:00,157.8,50,ask,,,10380267
2026-07-07T05:04:48.266332,2026-07-07T05:04:48.274645+00:00,158.2,8,ask,,,10380299
2026-07-07T05:04:48.266332,2026-07-07T05:04:48.279699+00:00,158.1,42,ask,,,10380300
2026-07-07T05:04:48.700413,2026-07-07T05:04:48.708340+00:00,158.5,44,bid,,,10380315
2026-07-07T05:04:50.323119,2026-07-07T05:04:50.330458+00:00,158.5,50,bid,,,10380344
2026-07-07T05:04:52.483269,2026-07-07T05:04:52.492425+00:00,158.3,50,ask,,,10380371
2026-07-07T05:04:53.451122,2026-07-07T05:04:53.458591+00:00,158.4,41,ask,,,10380383
2026-07-07T05:04:53.980466,2026-07-07T05:04:53.989849+00:00,158.6,8,bid,,,10380390
2026-07-07T05:04:53.980466,2026-07-07T05:04:53.989849+00:00,158.8,40,bid,,,10380391
2026-07-07T05:04:54.590934,2026-07-07T05:04:54.598265+00:00,158.4,50,ask,,,10380401
2026-07-07T05:04:55.293685,2026-07-07T05:04:55.302832+00:00,158.4,11,ask,,,10380408
2026-07-07T05:04:56.361104,2026-07-07T05:04:56.372619+00:00,158.3,41,ask,,,10380426
2026-07-07T05:04:56.444439,2026-07-07T05:04:56.463817+00:00,158.3,59,ask,,,10380427
2026-07-07T05:04:56.444439,2026-07-07T05:04:56.463817+00:00,158.2,8,ask,,,10380428
2026-07-07T05:04:56.464839,2026-07-07T05:04:56.473957+00:00,158.1,11,bid,,,10380429
2026-07-07T05:04:56.597849,2026-07-07T05:04:56.606807+00:00,158.1,29,bid,,,10380432
2026-07-07T05:04:56.697143,2026-07-07T05:04:56.704640+00:00,157.7,8,ask,,,10380437
2026-07-07T05:04:56.697143,2026-07-07T05:04:56.709829+00:00,157.6,42,ask,,,10380438
2026-07-07T05:04:57.300566,2026-07-07T05:04:57.311036+00:00,158.1,8,bid,,,10380448
2026-07-07T05:04:58.320332,2026-07-07T05:04:58.328326+00:00,158.1,8,bid,,,10380467
2026-07-07T05:04:59.952507,2026-07-07T05:04:59.963888+00:00,158.5,47,bid,,,10380497
2026-07-07T05:05:00.859624,2026-07-07T05:05:00.871456+00:00,158.6,8,bid,,,10380508
2026-07-07T05:05:00.859624,2026-07-07T05:05:00.871456+00:00,158.7,42,bid,,,10380509
2026-07-07T05:05:01.837962,2026-07-07T05:05:01.846701+00:00,158.3,6,ask,,,10380527
2026-07-07T05:05:02.966862,2026-07-07T05:05:02.974079+00:00,158.6,50,bid,,,10380539
2026-07-07T05:05:05.889241,2026-07-07T05:05:05.897226+00:00,158.5,11,ask,,,10380576
2026-07-07T05:05:07.187555,2026-07-07T05:05:07.195546+00:00,158.7,8,bid,,,10380598
2026-07-07T05:05:07.187555,2026-07-07T05:05:07.201010+00:00,158.9,42,bid,,,10380599
2026-07-07T05:05:08.534683,2026-07-07T05:05:08.546143+00:00,158.5,47,ask,,,10380624
2026-07-07T05:05:09.145180,2026-07-07T05:05:09.163664+00:00,158.4,8,ask,,,10380639
2026-07-07T05:05:09.145180,2026-07-07T05:05:09.163664+00:00,158.4,36,ask,,,10380640
2026-07-07T05:05:09.295552,2026-07-07T05:05:09.307113+00:00,158.9,50,bid,,,10380641
2026-07-07T05:05:11.403730,2026-07-07T05:05:11.415245+00:00,158.9,50,bid,,,10380665
2026-07-07T05:05:13.509776,2026-07-07T05:05:13.519072+00:00,158.9,8,bid,,,10380708
2026-07-07T05:05:13.509776,2026-07-07T05:05:13.519072+00:00,159.1,42,bid,,,10380709
2026-07-07T05:05:15.360460,2026-07-07T05:05:15.372276+00:00,158.9,8,bid,,,10380736
2026-07-07T05:05:15.624523,2026-07-07T05:05:15.642944+00:00,159.2,8,bid,,,10380740
2026-07-07T05:05:15.624523,2026-07-07T05:05:15.642944+00:00,159.3,42,bid,,,10380741
2026-07-07T05:05:15.971552,2026-07-07T05:05:15.978304+00:00,159.3,5,bid,,,10380755
2026-07-07T05:05:15.971552,2026-07-07T05:05:15.983507+00:00,159.5,39,bid,,,10380756
2026-07-07T05:05:16.030666,2026-07-07T05:05:16.040916+00:00,159.1,12,ask,,,10380757
2026-07-07T05:05:16.250659,2026-07-07T05:05:16.259930+00:00,159.1,11,ask,,,10380760
2026-07-07T05:05:16.463287,2026-07-07T05:05:16.474841+00:00,159.1,47,ask,,,10380765
2026-07-07T05:05:16.867895,2026-07-07T05:05:16.876375+00:00,159.1,23,ask,,,10380769
2026-07-07T05:05:16.978048,2026-07-07T05:05:16.989875+00:00,159.3,8,bid,,,10380773
2026-07-07T05:05:16.978048,2026-07-07T05:05:16.989875+00:00,159.4,5,bid,,,10380774
2026-07-07T05:05:16.978048,2026-07-07T05:05:16.989875+00:00,159.5,32,bid,,,10380775
2026-07-07T05:05:17.037159,2026-07-07T05:05:17.048818+00:00,159.1,7,ask,,,10380777
2026-07-07T05:05:17.037159,2026-07-07T05:05:17.048818+00:00,159.0,38,ask,,,10380778
2026-07-07T05:05:17.731047,2026-07-07T05:05:17.742968+00:00,159.5,50,bid,,,10380795
2026-07-07T05:05:19.232170,2026-07-07T05:05:19.243680+00:00,159.3,100,ask,,,10380811
2026-07-07T05:05:19.839011,2026-07-07T05:05:19.850701+00:00,159.4,8,bid,,,10380819
2026-07-07T05:05:19.839011,2026-07-07T05:05:19.850701+00:00,159.6,5,bid,,,10380820
2026-07-07T05:05:19.839011,2026-07-07T05:05:19.850701+00:00,159.8,37,bid,,,10380821
2026-07-07T05:05:21.276590,2026-07-07T05:05:21.283906+00:00,159.3,41,ask,,,10380849
2026-07-07T05:05:21.824808,2026-07-07T05:05:21.834160+00:00,159.3,5,ask,,,10380854
2026-07-07T05:05:21.901336,2026-07-07T05:05:21.913059+00:00,159.3,3,bid,,,10380856
2026-07-07T05:05:21.901336,2026-07-07T05:05:21.913059+00:00,159.4,42,bid,,,10380857
2026-07-07T05:05:21.948348,2026-07-07T05:05:21.958582+00:00,159.4,50,bid,,,10380859
2026-07-07T05:05:24.055337,2026-07-07T05:05:24.066909+00:00,159.4,50,bid,,,10380894
2026-07-07T05:05:24.865782,2026-07-07T05:05:24.874131+00:00,159.5,11,ask,,,10380906
2026-07-07T05:05:26.164569,2026-07-07T05:05:26.176130+00:00,159.8,50,bid,,,10380925
2026-07-07T05:05:28.273160,2026-07-07T05:05:28.284975+00:00,159.8,50,bid,,,10380948
2026-07-07T05:05:28.942392,2026-07-07T05:05:28.959019+00:00,159.5,23,ask,,,10380972
2026-07-07T05:05:29.580585,2026-07-07T05:05:29.588004+00:00,159.8,44,bid,,,10380984
2026-07-07T05:05:29.634458,2026-07-07T05:05:29.645945+00:00,159.5,42,ask,,,10380989
2026-07-07T05:05:30.148480,2026-07-07T05:05:30.156687+00:00,159.5,3,ask,,,10380995
2026-07-07T05:05:30.155640,2026-07-07T05:05:30.177020+00:00,159.5,32,ask,,,10380997
2026-07-07T05:05:30.155640,2026-07-07T05:05:30.177020+00:00,159.3,15,ask,,,10380998
2026-07-07T05:05:30.391968,2026-07-07T05:05:30.402954+00:00,159.6,5,bid,,,10380999
2026-07-07T05:05:30.391968,2026-07-07T05:05:30.402954+00:00,159.8,45,bid,,,10381000
2026-07-07T05:05:32.500206,2026-07-07T05:05:32.511722+00:00,159.4,50,bid,,,10381027
2026-07-07T05:05:34.292658,2026-07-07T05:05:34.300356+00:00,159.4,41,bid,,,10381056
2026-07-07T05:05:34.635967,2026-07-07T05:05:34.647137+00:00,159.4,9,bid,,,10381068
2026-07-07T05:05:34.635967,2026-07-07T05:05:34.647137+00:00,159.6,5,bid,,,10381069
2026-07-07T05:05:34.635967,2026-07-07T05:05:34.647137+00:00,159.7,36,bid,,,10381070
2026-07-07T05:05:36.319189,2026-07-07T05:05:36.325884+00:00,159.7,49,bid,,,10381099
2026-07-07T05:05:36.744898,2026-07-07T05:05:36.758691+00:00,159.7,50,bid,,,10381102
2026-07-07T05:05:37.507092,2026-07-07T05:05:37.518921+00:00,159.7,100,bid,,,10381117
2026-07-07T05:05:37.507092,2026-07-07T05:05:37.518921+00:00,159.7,5,bid,,,10381118
2026-07-07T05:05:37.574384,2026-07-07T05:05:37.582491+00:00,159.8,3,ask,,,10381119
2026-07-07T05:05:38.286087,2026-07-07T05:05:38.295233+00:00,159.8,5,ask,,,10381137
2026-07-07T05:05:38.869256,2026-07-07T05:05:38.879775+00:00,159.9,50,bid,,,10381158
2026-07-07T05:05:41.046214,2026-07-07T05:05:41.058640+00:00,159.6,5,ask,,,10381192
2026-07-07T05:05:41.046214,2026-07-07T05:05:41.058640+00:00,159.4,45,ask,,,10381193
2026-07-07T05:05:42.293488,2026-07-07T05:05:42.305273+00:00,159.4,48,ask,,,10381213
2026-07-07T05:05:43.103027,2026-07-07T05:05:43.114771+00:00,159.8,50,bid,,,10381223
2026-07-07T05:05:45.210818,2026-07-07T05:05:45.222562+00:00,159.6,50,bid,,,10381260
2026-07-07T05:05:47.336170,2026-07-07T05:05:47.358622+00:00,159.7,50,bid,,,10381298
2026-07-07T05:05:47.418300,2026-07-07T05:05:47.427531+00:00,159.7,44,bid,,,10381300
2026-07-07T05:05:47.471756,2026-07-07T05:05:47.481188+00:00,159.5,44,ask,,,10381301
2026-07-07T05:05:47.940980,2026-07-07T05:05:47.952799+00:00,159.4,5,ask,,,10381315
2026-07-07T05:05:49.494725,2026-07-07T05:05:49.506779+00:00,159.4,5,ask,,,10381336
2026-07-07T05:05:49.494725,2026-07-07T05:05:49.506779+00:00,159.3,45,ask,,,10381337
2026-07-07T05:05:49.907136,2026-07-07T05:05:49.913651+00:00,159.6,5,bid,,,10381345
2026-07-07T05:05:49.907136,2026-07-07T05:05:49.913651+00:00,159.7,38,bid,,,10381346
2026-07-07T05:05:51.108141,2026-07-07T05:05:51.119606+00:00,159.5,46,ask,,,10381364
2026-07-07T05:05:51.552265,2026-07-07T05:05:51.558622+00:00,159.8,5,bid,,,10381375
2026-07-07T05:05:51.552265,2026-07-07T05:05:51.558622+00:00,159.9,45,bid,,,10381376
2026-07-07T05:05:53.660673,2026-07-07T05:05:53.669021+00:00,159.8,5,bid,,,10381402
2026-07-07T05:05:53.660673,2026-07-07T05:05:53.669021+00:00,159.9,45,bid,,,10381403
2026-07-07T05:05:54.991400,2026-07-07T05:05:55.000779+00:00,159.8,46,ask,,,10381421
2026-07-07T05:05:55.820677,2026-07-07T05:05:55.832285+00:00,159.8,50,ask,,,10381430
2026-07-07T05:05:56.630177,2026-07-07T05:05:56.637807+00:00,160.1,5,bid,,,10381445
2026-07-07T05:05:56.630177,2026-07-07T05:05:56.648123+00:00,160.1,39,bid,,,10381446
2026-07-07T05:05:57.649096,2026-07-07T05:05:57.658598+00:00,160.0,48,bid,,,10381459
2026-07-07T05:05:59.232769,2026-07-07T05:05:59.241174+00:00,159.8,5,ask,,,10381478
2026-07-07T05:06:00.031176,2026-07-07T05:06:00.039960+00:00,159.6,50,ask,,,10381490
2026-07-07T05:06:02.117356,2026-07-07T05:06:02.125975+00:00,159.8,5,ask,,,10381536
2026-07-07T05:06:04.168200,2026-07-07T05:06:04.178720+00:00,159.6,5,ask,,,10381569
2026-07-07T05:06:04.168200,2026-07-07T05:06:04.183935+00:00,159.5,42,ask,,,10381570
2026-07-07T05:06:04.271741,2026-07-07T05:06:04.282602+00:00,159.5,50,ask,,,10381575
2026-07-07T05:06:06.283096,2026-07-07T05:06:06.292260+00:00,159.5,8,ask,,,10381600
2026-07-07T05:06:06.283096,2026-07-07T05:06:06.292260+00:00,159.5,5,ask,,,10381601
2026-07-07T05:06:06.283096,2026-07-07T05:06:06.297658+00:00,159.4,32,ask,,,10381602
2026-07-07T05:06:06.377235,2026-07-07T05:06:06.384208+00:00,159.4,50,ask,,,10381606
2026-07-07T05:06:07.370295,2026-07-07T05:06:07.378756+00:00,159.5,13,bid,,,10381630
2026-07-07T05:06:07.842903,2026-07-07T05:06:07.854392+00:00,159.5,46,bid,,,10381638
2026-07-07T05:06:08.119044,2026-07-07T05:06:08.127785+00:00,159.5,5,bid,,,10381643
2026-07-07T05:06:08.497467,2026-07-07T05:06:08.509230+00:00,159.4,50,ask,,,10381652
2026-07-07T05:06:09.243783,2026-07-07T05:06:09.255407+00:00,159.3,5,ask,,,10381664
2026-07-07T05:06:09.794348,2026-07-07T05:06:09.806052+00:00,159.3,100,bid,,,10381671
2026-07-07T05:06:10.605611,2026-07-07T05:06:10.617287+00:00,159.2,5,ask,,,10381686
2026-07-07T05:06:10.605611,2026-07-07T05:06:10.617287+00:00,158.8,45,ask,,,10381687
2026-07-07T05:06:11.669523,2026-07-07T05:06:11.681083+00:00,159.3,44,bid,,,10381705
2026-07-07T05:06:12.617192,2026-07-07T05:06:12.625293+00:00,159.6,5,bid,,,10381722
2026-07-07T05:06:12.715216,2026-07-07T05:06:12.726691+00:00,159.4,50,ask,,,10381725
2026-07-07T05:06:14.820062,2026-07-07T05:06:14.831800+00:00,159.4,50,ask,,,10381756
2026-07-07T05:06:15.918101,2026-07-07T05:06:15.929926+00:00,159.5,40,bid,,,10381776
2026-07-07T05:06:16.927222,2026-07-07T05:06:16.938866+00:00,159.4,5,ask,,,10381789
2026-07-07T05:06:16.927222,2026-07-07T05:06:16.938866+00:00,159.2,45,ask,,,10381790
2026-07-07T05:06:19.038765,2026-07-07T05:06:19.047423+00:00,159.2,50,ask,,,10381821
2026-07-07T05:06:19.957098,2026-07-07T05:06:19.965219+00:00,159.2,42,ask,,,10381843
2026-07-07T05:06:21.146261,2026-07-07T05:06:21.163601+00:00,159.2,50,ask,,,10381857
2026-07-07T05:06:21.901102,2026-07-07T05:06:21.912007+00:00,159.2,3,bid,,,10381865
2026-07-07T05:06:21.905643,2026-07-07T05:06:21.912007+00:00,158.9,44,ask,,,10381866
2026-07-07T05:06:23.253736,2026-07-07T05:06:23.265457+00:00,158.8,50,ask,,,10381882
2026-07-07T05:06:24.044124,2026-07-07T05:06:24.060225+00:00,159.2,11,bid,,,10381891
2026-07-07T05:06:25.252442,2026-07-07T05:06:25.265252+00:00,159.2,12,bid,,,10381912
2026-07-07T05:06:25.311323,2026-07-07T05:06:25.322809+00:00,159.2,50,bid,,,10381918
2026-07-07T05:06:25.827552,2026-07-07T05:06:25.833964+00:00,159.2,46,bid,,,10381921
2026-07-07T05:06:27.019642,2026-07-07T05:06:27.027912+00:00,159.2,34,bid,,,10381945
2026-07-07T05:06:27.474952,2026-07-07T05:06:27.482769+00:00,159.1,50,ask,,,10381957
2026-07-07T05:06:28.325227,2026-07-07T05:06:28.333311+00:00,159.5,57,ask,,,10381973
2026-07-07T05:06:28.821542,2026-07-07T05:06:28.830091+00:00,159.5,93,ask,,,10381982
2026-07-07T05:06:29.581491,2026-07-07T05:06:29.593090+00:00,158.9,50,ask,,,10381999
2026-07-07T05:06:30.695967,2026-07-07T05:06:30.706848+00:00,159.4,7,bid,,,10382016
2026-07-07T05:06:31.383245,2026-07-07T05:06:31.392519+00:00,159.0,50,bid,,,10382033
2026-07-07T05:06:31.638278,2026-07-07T05:06:31.644861+00:00,159.0,50,bid,,,10382039
2026-07-07T05:06:31.932085,2026-07-07T05:06:31.940362+00:00,159.0,50,bid,,,10382054
2026-07-07T05:06:31.997613,2026-07-07T05:06:32.006476+00:00,159.2,23,ask,,,10382057
2026-07-07T05:06:32.689540,2026-07-07T05:06:32.699220+00:00,159.2,27,ask,,,10382075
2026-07-07T05:06:33.744566,2026-07-07T05:06:33.755999+00:00,159.7,50,bid,,,10382090
2026-07-07T05:06:36.831112,2026-07-07T05:06:36.842706+00:00,159.6,40,bid,,,10382142
2026-07-07T05:06:37.496407,2026-07-07T05:06:37.505107+00:00,159.2,42,ask,,,10382149
2026-07-07T05:06:38.028861,2026-07-07T05:06:38.038236+00:00,159.2,50,ask,,,10382160
2026-07-07T05:06:39.234705,2026-07-07T05:06:39.246329+00:00,159.7,46,bid,,,10382183
2026-07-07T05:06:39.822849,2026-07-07T05:06:39.831870+00:00,159.7,46,bid,,,10382191
2026-07-07T05:06:40.135226,2026-07-07T05:06:40.143152+00:00,159.4,50,ask,,,10382196
2026-07-07T05:06:42.247848,2026-07-07T05:06:42.258696+00:00,159.6,50,ask,,,10382220
2026-07-07T05:06:42.672235,2026-07-07T05:06:42.683990+00:00,159.6,42,ask,,,10382224
2026-07-07T05:06:44.095188,2026-07-07T05:06:44.104675+00:00,159.7,12,bid,,,10382253
2026-07-07T05:06:44.153857,2026-07-07T05:06:44.165431+00:00,159.7,43,bid,,,10382257
2026-07-07T05:06:44.355113,2026-07-07T05:06:44.366828+00:00,159.4,50,ask,,,10382259
2026-07-07T05:06:45.255246,2026-07-07T05:06:45.264043+00:00,159.7,43,bid,,,10382277
2026-07-07T05:06:46.437307,2026-07-07T05:06:46.448957+00:00,159.7,50,bid,,,10382295
2026-07-07T05:06:46.589339,2026-07-07T05:06:46.600635+00:00,159.5,10,ask,,,10382302
2026-07-07T05:06:47.208770,2026-07-07T05:06:47.217003+00:00,159.8,12,ask,,,10382313
2026-07-07T05:06:47.670726,2026-07-07T05:06:47.678151+00:00,159.8,11,ask,,,10382319
2026-07-07T05:06:47.792506,2026-07-07T05:06:47.801965+00:00,159.8,100,ask,,,10382321
2026-07-07T05:06:47.807427,2026-07-07T05:06:47.817657+00:00,159.8,25,ask,,,10382323
2026-07-07T05:06:48.032452,2026-07-07T05:06:48.039371+00:00,159.8,2,ask,,,10382329
2026-07-07T05:06:50.552537,2026-07-07T05:06:50.562497+00:00,159.6,10,bid,,,10382364
2026-07-07T05:06:50.680837,2026-07-07T05:06:50.693125+00:00,159.7,50,bid,,,10382367
2026-07-07T05:06:50.699092,2026-07-07T05:06:50.708883+00:00,159.7,10,bid,,,10382369
2026-07-07T05:06:50.830309,2026-07-07T05:06:50.839366+00:00,159.6,1,bid,,,10382372
2026-07-07T05:06:50.947687,2026-07-07T05:06:50.959130+00:00,159.7,1,bid,,,10382374
2026-07-07T05:06:52.128475,2026-07-07T05:06:52.138446+00:00,159.5,49,ask,,,10382386
2026-07-07T05:06:52.795927,2026-07-07T05:06:52.804259+00:00,159.7,50,bid,,,10382395
2026-07-07T05:06:53.222694,2026-07-07T05:06:53.232221+00:00,159.7,12,bid,,,10382407
2026-07-07T05:06:53.270535,2026-07-07T05:06:53.280742+00:00,159.7,25,bid,,,10382411
2026-07-07T05:06:53.519893,2026-07-07T05:06:53.531444+00:00,160.0,100,bid,,,10382417
2026-07-07T05:06:53.532671,2026-07-07T05:06:53.540452+00:00,160.0,12,ask,,,10382419
2026-07-07T05:06:53.555719,2026-07-07T05:06:53.563986+00:00,160.0,25,ask,,,10382422
2026-07-07T05:06:54.903468,2026-07-07T05:06:54.914664+00:00,160.4,20,bid,,,10382436
2026-07-07T05:06:54.903468,2026-07-07T05:06:54.919893+00:00,160.5,30,bid,,,10382437
2026-07-07T05:06:54.963302,2026-07-07T05:06:54.972450+00:00,160.2,10,ask,,,10382439
2026-07-07T05:06:55.192719,2026-07-07T05:06:55.200439+00:00,160.1,10,ask,,,10382449
2026-07-07T05:06:55.812555,2026-07-07T05:06:55.821581+00:00,160.2,1,ask,,,10382467
2026-07-07T05:06:56.040577,2026-07-07T05:06:56.048750+00:00,160.1,1,ask,,,10382474
2026-07-07T05:06:57.017281,2026-07-07T05:06:57.028307+00:00,160.2,50,bid,,,10382489
2026-07-07T05:06:57.337609,2026-07-07T05:06:57.354560+00:00,160.0,43,ask,,,10382495
2026-07-07T05:06:58.278411,2026-07-07T05:06:58.284794+00:00,160.0,43,ask,,,10382509
2026-07-07T05:06:59.140214,2026-07-07T05:06:59.164182+00:00,160.2,50,bid,,,10382515
2026-07-07T05:07:00.531478,2026-07-07T05:07:00.543272+00:00,160.2,43,ask,,,10382543
2026-07-07T05:07:01.071298,2026-07-07T05:07:01.080612+00:00,160.3,43,bid,,,10382549
2026-07-07T05:07:01.252238,2026-07-07T05:07:01.264263+00:00,160.3,50,bid,,,10382553
2026-07-07T05:07:03.359284,2026-07-07T05:07:03.369423+00:00,160.2,10,bid,,,10382588
2026-07-07T05:07:03.359284,2026-07-07T05:07:03.369423+00:00,160.3,7,bid,,,10382589
2026-07-07T05:07:03.359284,2026-07-07T05:07:03.369423+00:00,160.4,33,bid,,,10382590
2026-07-07T05:07:05.391428,2026-07-07T05:07:05.403475+00:00,160.3,20,bid,,,10382609
2026-07-07T05:07:05.391428,2026-07-07T05:07:05.403475+00:00,160.4,24,bid,,,10382610
2026-07-07T05:07:05.469337,2026-07-07T05:07:05.477861+00:00,160.4,50,bid,,,10382611
2026-07-07T05:07:06.193104,2026-07-07T05:07:06.201565+00:00,160.2,23,ask,,,10382624
2026-07-07T05:07:07.633268,2026-07-07T05:07:07.658607+00:00,160.2,50,ask,,,10382654
2026-07-07T05:07:08.841888,2026-07-07T05:07:08.852963+00:00,160.2,42,ask,,,10382668
2026-07-07T05:07:09.743378,2026-07-07T05:07:09.754870+00:00,160.0,50,ask,,,10382681
2026-07-07T05:07:11.852639,2026-07-07T05:07:11.863993+00:00,159.9,50,ask,,,10382704
2026-07-07T05:07:12.914099,2026-07-07T05:07:12.923633+00:00,160.2,11,bid,,,10382713
2026-07-07T05:07:13.963247,2026-07-07T05:07:13.971293+00:00,160.1,20,ask,,,10382730
2026-07-07T05:07:13.963247,2026-07-07T05:07:13.971293+00:00,160.0,30,ask,,,10382731
2026-07-07T05:07:16.071210,2026-07-07T05:07:16.082641+00:00,160.0,50,ask,,,10382763
2026-07-07T05:07:16.989467,2026-07-07T05:07:16.997911+00:00,160.2,42,bid,,,10382780
2026-07-07T05:07:18.180222,2026-07-07T05:07:18.192000+00:00,159.9,20,ask,,,10382793
2026-07-07T05:07:18.180222,2026-07-07T05:07:18.192000+00:00,159.8,30,ask,,,10382794
2026-07-07T05:07:19.742396,2026-07-07T05:07:19.751950+00:00,160.0,12,bid,,,10382824
2026-07-07T05:07:20.287821,2026-07-07T05:07:20.299120+00:00,159.8,20,ask,,,10382834
2026-07-07T05:07:20.287821,2026-07-07T05:07:20.299120+00:00,159.7,30,ask,,,10382835
2026-07-07T05:07:21.872454,2026-07-07T05:07:21.879865+00:00,160.0,41,bid,,,10382858
2026-07-07T05:07:21.926437,2026-07-07T05:07:21.936568+00:00,159.8,20,ask,,,10382859
2026-07-07T05:07:21.926437,2026-07-07T05:07:21.936568+00:00,159.7,26,ask,,,10382860
2026-07-07T05:07:22.394776,2026-07-07T05:07:22.405465+00:00,159.8,50,ask,,,10382866
2026-07-07T05:07:24.503122,2026-07-07T05:07:24.514560+00:00,159.8,50,ask,,,10382901
2026-07-07T05:07:24.667937,2026-07-07T05:07:24.679595+00:00,160.1,49,bid,,,10382905
2026-07-07T05:07:25.233904,2026-07-07T05:07:25.250075+00:00,159.7,20,ask,,,10382921
2026-07-07T05:07:25.233904,2026-07-07T05:07:25.250075+00:00,159.6,8,ask,,,10382922
2026-07-07T05:07:25.233904,2026-07-07T05:07:25.250075+00:00,159.6,13,ask,,,10382923
2026-07-07T05:07:25.240659,2026-07-07T05:07:25.250075+00:00,159.8,11,bid,,,10382924
2026-07-07T05:07:26.609020,2026-07-07T05:07:26.620699+00:00,159.6,50,ask,,,10382945
2026-07-07T05:07:28.206831,2026-07-07T05:07:28.215499+00:00,159.7,8,bid,,,10382967
2026-07-07T05:07:28.717386,2026-07-07T05:07:28.724850+00:00,159.7,20,ask,,,10382975
2026-07-07T05:07:28.717386,2026-07-07T05:07:28.730043+00:00,159.6,30,ask,,,10382976
2026-07-07T05:07:28.738194,2026-07-07T05:07:28.749961+00:00,159.6,20,ask,,,10382977
2026-07-07T05:07:28.944651,2026-07-07T05:07:28.954172+00:00,159.8,4,bid,,,10382981
2026-07-07T05:07:29.082848,2026-07-07T05:07:29.093422+00:00,159.8,25,bid,,,10382984
2026-07-07T05:07:29.316376,2026-07-07T05:07:29.327539+00:00,159.8,22,bid,,,10382989
2026-07-07T05:07:30.826102,2026-07-07T05:07:30.837800+00:00,159.4,50,ask,,,10383014
2026-07-07T05:07:32.485590,2026-07-07T05:07:32.494241+00:00,159.6,11,bid,,,10383033
2026-07-07T05:07:32.934283,2026-07-07T05:07:32.945864+00:00,159.4,50,ask,,,10383040
2026-07-07T05:07:34.878579,2026-07-07T05:07:34.889481+00:00,159.8,44,bid,,,10383062
2026-07-07T05:07:35.060149,2026-07-07T05:07:35.069122+00:00,159.5,8,ask,,,10383066
2026-07-07T05:07:35.060149,2026-07-07T05:07:35.069122+00:00,159.4,42,ask,,,10383067
2026-07-07T05:07:35.266017,2026-07-07T05:07:35.273915+00:00,159.6,11,bid,,,10383071
2026-07-07T05:07:37.171041,2026-07-07T05:07:37.182761+00:00,159.4,8,ask,,,10383098
2026-07-07T05:07:37.171041,2026-07-07T05:07:37.182761+00:00,159.3,42,ask,,,10383099
2026-07-07T05:07:37.464902,2026-07-07T05:07:37.471429+00:00,159.6,43,bid,,,10383108
2026-07-07T05:07:38.084355,2026-07-07T05:07:38.096269+00:00,159.6,45,bid,,,10383114
2026-07-07T05:07:39.279546,2026-07-07T05:07:39.291316+00:00,159.6,50,ask,,,10383127
2026-07-07T05:07:41.094701,2026-07-07T05:07:41.102285+00:00,159.6,47,ask,,,10383146
2026-07-07T05:07:41.388594,2026-07-07T05:07:41.402107+00:00,159.6,3,ask,,,10383151
2026-07-07T05:07:41.388594,2026-07-07T05:07:41.402107+00:00,159.5,8,ask,,,10383152
2026-07-07T05:07:41.388594,2026-07-07T05:07:41.402107+00:00,159.2,39,ask,,,10383153
2026-07-07T05:07:42.048212,2026-07-07T05:07:42.054796+00:00,159.3,8,ask,,,10383161
2026-07-07T05:07:42.048212,2026-07-07T05:07:42.054796+00:00,159.2,40,ask,,,10383162
2026-07-07T05:07:43.497372,2026-07-07T05:07:43.508949+00:00,159.2,50,ask,,,10383186
2026-07-07T05:07:44.087939,2026-07-07T05:07:44.099756+00:00,159.6,43,bid,,,10383208
2026-07-07T05:07:44.144363,2026-07-07T05:07:44.158574+00:00,159.2,8,ask,,,10383209
2026-07-07T05:07:44.144363,2026-07-07T05:07:44.158574+00:00,159.1,40,ask,,,10383210
2026-07-07T05:07:44.202145,2026-07-07T05:07:44.223003+00:00,159.1,60,ask,,,10383213
2026-07-07T05:07:44.214408,2026-07-07T05:07:44.223003+00:00,158.9,29,bid,,,10383214
2026-07-07T05:07:44.880294,2026-07-07T05:07:44.886980+00:00,158.9,8,bid,,,10383220
2026-07-07T05:07:45.587285,2026-07-07T05:07:45.597372+00:00,158.9,41,bid,,,10383230
2026-07-07T05:07:45.605371,2026-07-07T05:07:45.617170+00:00,158.8,50,ask,,,10383233
2026-07-07T05:07:47.660614,2026-07-07T05:07:47.669474+00:00,159.3,50,bid,,,10383258
2026-07-07T05:07:48.139928,2026-07-07T05:07:48.151376+00:00,159.4,46,bid,,,10383273
2026-07-07T05:07:49.246914,2026-07-07T05:07:49.258861+00:00,159.2,8,ask,,,10383281
2026-07-07T05:07:49.246914,2026-07-07T05:07:49.258861+00:00,159.1,41,ask,,,10383282
2026-07-07T05:07:49.767621,2026-07-07T05:07:49.779224+00:00,159.4,50,bid,,,10383289
2026-07-07T05:07:50.826425,2026-07-07T05:07:50.834563+00:00,159.4,4,bid,,,10383306
2026-07-07T05:07:50.826425,2026-07-07T05:07:50.834563+00:00,159.4,42,bid,,,10383307
2026-07-07T05:07:51.876165,2026-07-07T05:07:51.885256+00:00,159.4,50,bid,,,10383324
2026-07-07T05:07:51.878782,2026-07-07T05:07:51.885256+00:00,159.2,46,ask,,,10383325
2026-07-07T05:07:52.957288,2026-07-07T05:07:52.970616+00:00,159.4,47,bid,,,10383341
2026-07-07T05:07:53.023303,2026-07-07T05:07:53.037164+00:00,159.2,42,ask,,,10383344
2026-07-07T05:07:53.509091,2026-07-07T05:07:53.517663+00:00,159.2,12,ask,,,10383355
2026-07-07T05:07:53.509091,2026-07-07T05:07:53.517663+00:00,159.2,8,ask,,,10383356
2026-07-07T05:07:53.509091,2026-07-07T05:07:53.522684+00:00,158.9,29,ask,,,10383357
2026-07-07T05:07:53.644498,2026-07-07T05:07:53.653443+00:00,159.3,6,ask,,,10383361
2026-07-07T05:07:53.981916,2026-07-07T05:07:53.991012+00:00,159.5,8,bid,,,10383368
2026-07-07T05:07:53.981916,2026-07-07T05:07:53.991012+00:00,159.6,20,bid,,,10383369
2026-07-07T05:07:53.981916,2026-07-07T05:07:53.996273+00:00,159.7,22,bid,,,10383370
2026-07-07T05:07:54.227437,2026-07-07T05:07:54.234032+00:00,159.3,100,ask,,,10383376
2026-07-07T05:07:54.299787,2026-07-07T05:07:54.307947+00:00,159.3,11,ask,,,10383378
2026-07-07T05:07:55.315554,2026-07-07T05:07:55.322677+00:00,159.4,8,bid,,,10383398
2026-07-07T05:07:55.315554,2026-07-07T05:07:55.328109+00:00,159.6,20,bid,,,10383399
2026-07-07T05:07:55.315554,2026-07-07T05:07:55.328109+00:00,159.8,12,bid,,,10383400
2026-07-07T05:07:55.513094,2026-07-07T05:07:55.521851+00:00,159.3,12,ask,,,10383406
2026-07-07T05:07:55.840499,2026-07-07T05:07:55.852211+00:00,159.3,21,ask,,,10383411
2026-07-07T05:07:55.840499,2026-07-07T05:07:55.852211+00:00,159.1,8,ask,,,10383412
2026-07-07T05:07:55.840499,2026-07-07T05:07:55.852211+00:00,159.0,14,ask,,,10383413
2026-07-07T05:07:56.091165,2026-07-07T05:07:56.102497+00:00,159.4,8,bid,,,10383422
2026-07-07T05:07:56.091165,2026-07-07T05:07:56.102497+00:00,159.6,20,bid,,,10383423
2026-07-07T05:07:56.091165,2026-07-07T05:07:56.102497+00:00,159.8,22,bid,,,10383424
2026-07-07T05:07:59.585974,2026-07-07T05:07:59.595058+00:00,159.3,42,bid,,,10383475
2026-07-07T05:08:00.047585,2026-07-07T05:08:00.059178+00:00,159.4,8,bid,,,10383484
2026-07-07T05:08:00.047585,2026-07-07T05:08:00.059178+00:00,159.5,35,bid,,,10383485
2026-07-07T05:08:00.353373,2026-07-07T05:08:00.358592+00:00,159.1,50,ask,,,10383491
2026-07-07T05:08:00.726378,2026-07-07T05:08:00.734512+00:00,159.1,8,ask,,,10383493
2026-07-07T05:08:00.726378,2026-07-07T05:08:00.739532+00:00,159.1,20,ask,,,10383494
2026-07-07T05:08:00.726378,2026-07-07T05:08:00.739532+00:00,159.0,17,ask,,,10383495
2026-07-07T05:08:03.332959,2026-07-07T05:08:03.340593+00:00,159.2,44,ask,,,10383542
2026-07-07T05:08:03.449270,2026-07-07T05:08:03.457145+00:00,159.4,25,bid,,,10383544
2026-07-07T05:08:04.589370,2026-07-07T05:08:04.596657+00:00,159.3,8,ask,,,10383561
2026-07-07T05:08:04.589370,2026-07-07T05:08:04.601890+00:00,159.3,1,ask,,,10383562
2026-07-07T05:08:04.589370,2026-07-07T05:08:04.601890+00:00,159.2,41,ask,,,10383563
2026-07-07T05:08:07.645950,2026-07-07T05:08:07.654957+00:00,159.4,12,bid,,,10383616
2026-07-07T05:08:10.884662,2026-07-07T05:08:10.895709+00:00,159.6,8,bid,,,10383678
2026-07-07T05:08:10.884662,2026-07-07T05:08:10.895709+00:00,159.6,42,bid,,,10383679
2026-07-07T05:08:12.454719,2026-07-07T05:08:12.463658+00:00,159.6,47,bid,,,10383697
2026-07-07T05:08:12.997800,2026-07-07T05:08:13.005066+00:00,159.7,8,bid,,,10383709
2026-07-07T05:08:12.997800,2026-07-07T05:08:13.010067+00:00,159.8,42,bid,,,10383710
2026-07-07T05:08:13.832215,2026-07-07T05:08:13.842094+00:00,159.8,20,bid,,,10383722
2026-07-07T05:08:14.383577,2026-07-07T05:08:14.392499+00:00,159.5,43,ask,,,10383735
2026-07-07T05:08:15.113187,2026-07-07T05:08:15.125510+00:00,159.8,8,bid,,,10383742
2026-07-07T05:08:15.113187,2026-07-07T05:08:15.125510+00:00,159.8,20,bid,,,10383743
2026-07-07T05:08:15.113187,2026-07-07T05:08:15.125510+00:00,159.9,22,bid,,,10383744
2026-07-07T05:08:15.793316,2026-07-07T05:08:15.802977+00:00,159.5,12,ask,,,10383755
2026-07-07T05:08:15.803949,2026-07-07T05:08:15.818290+00:00,159.8,20,bid,,,10383757
2026-07-07T05:08:17.292234,2026-07-07T05:08:17.299932+00:00,159.4,50,ask,,,10383783
2026-07-07T05:08:18.567902,2026-07-07T05:08:18.574964+00:00,159.6,25,bid,,,10383804
2026-07-07T05:08:18.796147,2026-07-07T05:08:18.804127+00:00,159.6,25,bid,,,10383808
2026-07-07T05:08:19.016454,2026-07-07T05:08:19.023527+00:00,159.6,10,bid,,,10383810
2026-07-07T05:08:20.332886,2026-07-07T05:08:20.343073+00:00,159.8,47,bid,,,10383831
2026-07-07T05:08:21.449064,2026-07-07T05:08:21.458603+00:00,159.8,50,bid,,,10383846
2026-07-07T05:08:23.556473,2026-07-07T05:08:23.558545+00:00,159.8,8,bid,,,10383874
2026-07-07T05:08:23.556473,2026-07-07T05:08:23.569097+00:00,159.8,20,bid,,,10383875
2026-07-07T05:08:23.556473,2026-07-07T05:08:23.569097+00:00,159.9,22,bid,,,10383876
2026-07-07T05:08:24.606797,2026-07-07T05:08:24.615872+00:00,159.7,41,ask,,,10383895
2026-07-07T05:08:24.958408,2026-07-07T05:08:24.967864+00:00,159.7,11,ask,,,10383898
2026-07-07T05:08:25.663720,2026-07-07T05:08:25.671523+00:00,159.8,20,bid,,,10383915
2026-07-07T05:08:25.663720,2026-07-07T05:08:25.676529+00:00,159.9,30,bid,,,10383916
2026-07-07T05:08:26.158448,2026-07-07T05:08:26.170309+00:00,159.5,8,ask,,,10383928
2026-07-07T05:08:26.158448,2026-07-07T05:08:26.170309+00:00,159.5,36,ask,,,10383929
2026-07-07T05:08:26.688682,2026-07-07T05:08:26.698583+00:00,159.5,42,ask,,,10383939
2026-07-07T05:08:27.958576,2026-07-07T05:08:27.970170+00:00,159.9,42,bid,,,10383963
2026-07-07T05:08:28.459794,2026-07-07T05:08:28.471438+00:00,159.9,8,bid,,,10383975
2026-07-07T05:08:29.205998,2026-07-07T05:08:29.215657+00:00,159.9,8,ask,,,10383986
2026-07-07T05:08:29.526051,2026-07-07T05:08:29.537586+00:00,160.0,41,bid,,,10383991
2026-07-07T05:08:29.876952,2026-07-07T05:08:29.884402+00:00,160.0,50,bid,,,10384002
2026-07-07T05:08:30.555418,2026-07-07T05:08:30.568884+00:00,159.9,45,ask,,,10384013
2026-07-07T05:08:31.065480,2026-07-07T05:08:31.073661+00:00,160.0,9,bid,,,10384020
2026-07-07T05:08:31.065480,2026-07-07T05:08:31.073661+00:00,160.0,20,bid,,,10384021
2026-07-07T05:08:31.960914,2026-07-07T05:08:31.968843+00:00,160.2,8,bid,,,10384032
2026-07-07T05:08:31.960914,2026-07-07T05:08:31.974129+00:00,160.3,38,bid,,,10384033
2026-07-07T05:08:32.001801,2026-07-07T05:08:32.013407+00:00,160.3,50,bid,,,10384034
2026-07-07T05:08:33.085445,2026-07-07T05:08:33.095424+00:00,160.1,11,ask,,,10384057
2026-07-07T05:08:34.182271,2026-07-07T05:08:34.195796+00:00,160.1,50,ask,,,10384068
2026-07-07T05:08:36.237107,2026-07-07T05:08:36.248747+00:00,160.3,50,bid,,,10384105
2026-07-07T05:08:38.407329,2026-07-07T05:08:38.420610+00:00,160.1,50,ask,,,10384133
2026-07-07T05:08:38.728443,2026-07-07T05:08:38.740254+00:00,160.1,43,ask,,,10384139
2026-07-07T05:08:39.404989,2026-07-07T05:08:39.413290+00:00,160.1,23,ask,,,10384160
2026-07-07T05:08:39.535512,2026-07-07T05:08:39.541878+00:00,160.1,25,ask,,,10384166
2026-07-07T05:08:39.555447,2026-07-07T05:08:39.569486+00:00,160.1,8,ask,,,10384169
2026-07-07T05:08:39.760085,2026-07-07T05:08:39.769696+00:00,160.1,1,ask,,,10384180
2026-07-07T05:08:39.986060,2026-07-07T05:08:39.992865+00:00,160.0,25,ask,,,10384183
2026-07-07T05:08:40.205009,2026-07-07T05:08:40.211583+00:00,160.0,25,ask,,,10384185
2026-07-07T05:08:40.455457,2026-07-07T05:08:40.458550+00:00,160.0,25,ask,,,10384194
2026-07-07T05:08:40.463829,2026-07-07T05:08:40.476838+00:00,160.5,50,bid,,,10384196
2026-07-07T05:08:40.682841,2026-07-07T05:08:40.689483+00:00,160.0,25,ask,,,10384200
2026-07-07T05:08:41.181479,2026-07-07T05:08:41.192367+00:00,159.7,20,ask,,,10384209
2026-07-07T05:08:41.193491,2026-07-07T05:08:41.202188+00:00,159.7,34,bid,,,10384210
2026-07-07T05:08:41.330988,2026-07-07T05:08:41.337919+00:00,159.6,8,ask,,,10384215
2026-07-07T05:08:42.575872,2026-07-07T05:08:42.583518+00:00,159.7,50,bid,,,10384236
2026-07-07T05:08:44.318013,2026-07-07T05:08:44.329610+00:00,159.8,8,bid,,,10384258
2026-07-07T05:08:44.703791,2026-07-07T05:08:44.697930+00:00,160.0,50,bid,,,10384263
2026-07-07T05:08:46.367318,2026-07-07T05:08:46.378914+00:00,159.8,40,bid,,,10384290
2026-07-07T05:08:46.812543,2026-07-07T05:08:46.819521+00:00,159.8,50,bid,,,10384297
2026-07-07T05:08:48.948880,2026-07-07T05:08:48.955520+00:00,160.1,20,bid,,,10384330
2026-07-07T05:08:48.948880,2026-07-07T05:08:48.955520+00:00,160.2,30,bid,,,10384331
2026-07-07T05:08:49.907016,2026-07-07T05:08:49.915267+00:00,159.7,11,ask,,,10384350
2026-07-07T05:08:51.059118,2026-07-07T05:08:51.070621+00:00,160.0,14,bid,,,10384367
2026-07-07T05:08:51.059118,2026-07-07T05:08:51.070621+00:00,160.1,36,bid,,,10384368
2026-07-07T05:08:53.190780,2026-07-07T05:08:53.199689+00:00,160.0,50,bid,,,10384400
2026-07-07T05:08:53.791290,2026-07-07T05:08:53.800011+00:00,159.9,12,ask,,,10384415
2026-07-07T05:08:54.212594,2026-07-07T05:08:54.222902+00:00,159.9,45,ask,,,10384421
2026-07-07T05:08:55.298059,2026-07-07T05:08:55.309625+00:00,160.3,50,bid,,,10384440
2026-07-07T05:08:55.359826,2026-07-07T05:08:55.368356+00:00,159.9,11,ask,,,10384443
2026-07-07T05:08:56.807697,2026-07-07T05:08:56.819395+00:00,159.9,47,ask,,,10384469
2026-07-07T05:08:57.413778,2026-07-07T05:08:57.423923+00:00,160.0,50,bid,,,10384480
2026-07-07T05:08:59.521610,2026-07-07T05:08:59.533466+00:00,160.0,50,bid,,,10384514
2026-07-07T05:08:59.744211,2026-07-07T05:08:59.752210+00:00,159.8,12,ask,,,10384517
2026-07-07T05:09:01.682455,2026-07-07T05:09:01.690079+00:00,159.6,50,ask,,,10384550
2026-07-07T05:09:03.737825,2026-07-07T05:09:03.746965+00:00,160.0,50,bid,,,10384578
2026-07-07T05:09:04.089404,2026-07-07T05:09:04.101041+00:00,159.5,48,ask,,,10384584
2026-07-07T05:09:05.894696,2026-07-07T05:09:05.906529+00:00,159.5,50,ask,,,10384614
2026-07-07T05:09:10.106444,2026-07-07T05:09:10.118310+00:00,159.1,20,ask,,,10384678
2026-07-07T05:09:10.106444,2026-07-07T05:09:10.118310+00:00,159.0,30,ask,,,10384679
2026-07-07T05:09:12.176262,2026-07-07T05:09:12.185095+00:00,159.5,12,bid,,,10384713
2026-07-07T05:09:12.219779,2026-07-07T05:09:12.231650+00:00,159.3,50,ask,,,10384715
2026-07-07T05:09:14.328031,2026-07-07T05:09:14.339663+00:00,159.4,50,ask,,,10384753
2026-07-07T05:09:15.213458,2026-07-07T05:09:15.224906+00:00,159.7,46,bid,,,10384771
2026-07-07T05:09:15.784837,2026-07-07T05:09:15.796704+00:00,159.4,47,ask,,,10384778
2026-07-07T05:09:16.435115,2026-07-07T05:09:16.446682+00:00,159.3,50,ask,,,10384786
2026-07-07T05:09:16.659417,2026-07-07T05:09:16.669424+00:00,159.4,11,bid,,,10384791
2026-07-07T05:09:16.895784,2026-07-07T05:09:16.904710+00:00,159.4,42,bid,,,10384796
2026-07-07T05:09:18.491149,2026-07-07T05:09:18.502877+00:00,159.4,47,bid,,,10384816
2026-07-07T05:09:18.491149,2026-07-07T05:09:18.502877+00:00,159.8,3,bid,,,10384817
2026-07-07T05:09:20.599136,2026-07-07T05:09:20.610626+00:00,159.7,50,bid,,,10384845
2026-07-07T05:09:21.797660,2026-07-07T05:09:21.809427+00:00,159.7,48,bid,,,10384860
2026-07-07T05:09:22.243537,2026-07-07T05:09:22.251419+00:00,159.8,100,bid,,,10384866
2026-07-07T05:09:22.702761,2026-07-07T05:09:22.718703+00:00,159.8,23,ask,,,10384872
2026-07-07T05:09:22.900952,2026-07-07T05:09:22.910584+00:00,159.8,20,ask,,,10384877
2026-07-07T05:09:24.810908,2026-07-07T05:09:24.822584+00:00,160.2,50,bid,,,10384904
2026-07-07T05:09:25.474248,2026-07-07T05:09:25.481635+00:00,159.8,12,bid,,,10384915
2026-07-07T05:09:25.952505,2026-07-07T05:09:25.960868+00:00,159.8,100,bid,,,10384924
2026-07-07T05:09:26.919873,2026-07-07T05:09:26.931634+00:00,159.8,38,bid,,,10384937
2026-07-07T05:09:28.802739,2026-07-07T05:09:28.813057+00:00,159.9,12,ask,,,10384964
2026-07-07T05:09:29.079241,2026-07-07T05:09:29.085939+00:00,159.9,50,ask,,,10384968
2026-07-07T05:09:30.020656,2026-07-07T05:09:30.032245+00:00,159.9,43,ask,,,10384990
2026-07-07T05:09:30.559407,2026-07-07T05:09:30.585035+00:00,159.9,11,ask,,,10385000
2026-07-07T05:09:31.186113,2026-07-07T05:09:31.197825+00:00,159.9,34,ask,,,10385014
2026-07-07T05:09:31.186113,2026-07-07T05:09:31.197825+00:00,159.6,16,ask,,,10385015
2026-07-07T05:09:31.803660,2026-07-07T05:09:31.812080+00:00,159.7,23,bid,,,10385023
2026-07-07T05:09:32.889735,2026-07-07T05:09:32.901170+00:00,159.7,11,bid,,,10385039
2026-07-07T05:09:33.295257,2026-07-07T05:09:33.306751+00:00,159.6,50,ask,,,10385056
2026-07-07T05:09:33.363239,2026-07-07T05:09:33.370353+00:00,159.7,48,bid,,,10385060
2026-07-07T05:09:33.988139,2026-07-07T05:09:33.998695+00:00,159.7,48,bid,,,10385069
2026-07-07T05:09:35.402627,2026-07-07T05:09:35.411599+00:00,159.8,50,ask,,,10385090
2026-07-07T05:09:37.508995,2026-07-07T05:09:37.520686+00:00,159.8,50,ask,,,10385107
2026-07-07T05:09:39.630630,2026-07-07T05:09:39.642500+00:00,159.8,50,ask,,,10385142
2026-07-07T05:09:41.738482,2026-07-07T05:09:41.750359+00:00,159.9,20,ask,,,10385185
2026-07-07T05:09:41.738482,2026-07-07T05:09:41.750359+00:00,159.8,5,ask,,,10385186
2026-07-07T05:09:41.738482,2026-07-07T05:09:41.750359+00:00,159.7,8,ask,,,10385187
2026-07-07T05:09:41.738482,2026-07-07T05:09:41.750359+00:00,159.7,17,ask,,,10385188
2026-07-07T05:09:41.898203,2026-07-07T05:09:41.905650+00:00,159.7,40,ask,,,10385192
2026-07-07T05:09:43.017767,2026-07-07T05:09:43.026335+00:00,159.8,5,ask,,,10385205
2026-07-07T05:09:43.017767,2026-07-07T05:09:43.026335+00:00,159.7,40,ask,,,10385206
2026-07-07T05:09:43.851656,2026-07-07T05:09:43.858083+00:00,159.8,20,ask,,,10385213
2026-07-07T05:09:43.851656,2026-07-07T05:09:43.858083+00:00,159.7,30,ask,,,10385214
2026-07-07T05:09:43.984135,2026-07-07T05:09:43.995615+00:00,159.8,20,ask,,,10385217
2026-07-07T05:09:44.462511,2026-07-07T05:09:44.474465+00:00,159.7,100,ask,,,10385226
2026-07-07T05:09:44.462511,2026-07-07T05:09:44.474465+00:00,159.7,8,ask,,,10385227
2026-07-07T05:09:44.462511,2026-07-07T05:09:44.474465+00:00,159.7,5,ask,,,10385228
2026-07-07T05:09:44.462511,2026-07-07T05:09:44.490140+00:00,159.7,20,ask,,,10385229
2026-07-07T05:09:44.480762,2026-07-07T05:09:44.490140+00:00,159.7,17,bid,,,10385230
2026-07-07T05:09:44.491041,2026-07-07T05:09:44.510799+00:00,160.0,8,bid,,,10385232
2026-07-07T05:09:44.491041,2026-07-07T05:09:44.510799+00:00,160.0,5,bid,,,10385233
2026-07-07T05:09:44.491041,2026-07-07T05:09:44.510799+00:00,160.2,36,bid,,,10385234
2026-07-07T05:09:45.119661,2026-07-07T05:09:45.127877+00:00,159.9,10,bid,,,10385253
2026-07-07T05:09:45.908809,2026-07-07T05:09:45.920594+00:00,159.9,50,bid,,,10385267
2026-07-07T05:09:45.916582,2026-07-07T05:09:45.925593+00:00,159.7,8,ask,,,10385268
2026-07-07T05:09:45.916582,2026-07-07T05:09:45.925593+00:00,159.7,20,ask,,,10385269
2026-07-07T05:09:45.916582,2026-07-07T05:09:45.931012+00:00,159.6,5,ask,,,10385270
2026-07-07T05:09:45.916582,2026-07-07T05:09:45.931012+00:00,159.4,7,ask,,,10385271
2026-07-07T05:09:48.096300,2026-07-07T05:09:48.107895+00:00,159.7,50,ask,,,10385305
2026-07-07T05:09:48.929815,2026-07-07T05:09:48.939506+00:00,159.9,5,bid,,,10385315
2026-07-07T05:09:48.984700,2026-07-07T05:09:48.996337+00:00,160.0,8,bid,,,10385316
2026-07-07T05:09:48.984700,2026-07-07T05:09:48.996337+00:00,160.0,12,bid,,,10385317
2026-07-07T05:09:49.107421,2026-07-07T05:09:49.123780+00:00,159.7,25,ask,,,10385321
2026-07-07T05:09:50.203138,2026-07-07T05:09:50.214842+00:00,159.7,50,ask,,,10385343
2026-07-07T05:09:50.237629,2026-07-07T05:09:50.246059+00:00,160.0,6,bid,,,10385347
2026-07-07T05:09:50.290003,2026-07-07T05:09:50.301003+00:00,160.0,25,bid,,,10385350
2026-07-07T05:09:50.399395,2026-07-07T05:09:50.407296+00:00,160.0,25,bid,,,10385357
2026-07-07T05:09:50.621154,2026-07-07T05:09:50.628460+00:00,160.0,25,bid,,,10385361
2026-07-07T05:09:50.841703,2026-07-07T05:09:50.848423+00:00,160.0,7,bid,,,10385370
2026-07-07T05:09:50.841703,2026-07-07T05:09:50.858595+00:00,160.0,18,bid,,,10385371
2026-07-07T05:09:51.066653,2026-07-07T05:09:51.074587+00:00,160.0,25,bid,,,10385376
2026-07-07T05:09:51.296338,2026-07-07T05:09:51.308066+00:00,160.0,100,bid,,,10385380
2026-07-07T05:09:51.557701,2026-07-07T05:09:51.569183+00:00,159.9,8,ask,,,10385385
2026-07-07T05:09:51.740224,2026-07-07T05:09:51.751265+00:00,159.8,5,ask,,,10385393
2026-07-07T05:09:51.740224,2026-07-07T05:09:51.751265+00:00,159.8,8,ask,,,10385394
2026-07-07T05:09:51.935017,2026-07-07T05:09:51.941804+00:00,159.5,4,ask,,,10385404
2026-07-07T05:09:52.311650,2026-07-07T05:09:52.323423+00:00,159.7,10,ask,,,10385410
2026-07-07T05:09:52.311650,2026-07-07T05:09:52.323423+00:00,159.6,8,ask,,,10385411
2026-07-07T05:09:52.311650,2026-07-07T05:09:52.323423+00:00,159.5,32,ask,,,10385412
2026-07-07T05:09:52.492491,2026-07-07T05:09:52.502110+00:00,159.9,5,bid,,,10385419
2026-07-07T05:09:54.419917,2026-07-07T05:09:54.428478+00:00,159.9,50,ask,,,10385446
2026-07-07T05:09:55.125657,2026-07-07T05:09:55.138054+00:00,160.0,8,bid,,,10385453
2026-07-07T05:09:55.125657,2026-07-07T05:09:55.138054+00:00,160.1,5,bid,,,10385454
2026-07-07T05:09:55.125657,2026-07-07T05:09:55.138054+00:00,160.2,32,bid,,,10385455
2026-07-07T05:09:56.527241,2026-07-07T05:09:56.538596+00:00,159.9,50,ask,,,10385472
2026-07-07T05:09:57.220710,2026-07-07T05:09:57.232615+00:00,159.8,8,ask,,,10385480
2026-07-07T05:09:57.220710,2026-07-07T05:09:57.232615+00:00,159.8,5,ask,,,10385481
2026-07-07T05:09:57.220710,2026-07-07T05:09:57.232615+00:00,159.7,32,ask,,,10385482
2026-07-07T05:09:58.440514,2026-07-07T05:09:58.452147+00:00,160.1,43,bid,,,10385505
2026-07-07T05:09:58.634887,2026-07-07T05:09:58.642230+00:00,159.9,50,ask,,,10385509
2026-07-07T05:10:00.761389,2026-07-07T05:10:00.770170+00:00,159.8,5,ask,,,10385538
2026-07-07T05:10:00.761389,2026-07-07T05:10:00.770170+00:00,159.7,45,ask,,,10385539
2026-07-07T05:10:01.317682,2026-07-07T05:10:01.327696+00:00,159.7,47,ask,,,10385556
2026-07-07T05:10:01.931076,2026-07-07T05:10:01.942030+00:00,160.2,8,bid,,,10385562
2026-07-07T05:10:01.931076,2026-07-07T05:10:01.942030+00:00,160.2,33,bid,,,10385563
2026-07-07T05:10:02.817811,2026-07-07T05:10:02.829352+00:00,160.1,5,bid,,,10385577
2026-07-07T05:10:02.817811,2026-07-07T05:10:02.829352+00:00,160.2,45,bid,,,10385578
2026-07-07T05:10:03.446216,2026-07-07T05:10:03.457842+00:00,159.7,41,ask,,,10385587
2026-07-07T05:10:03.991951,2026-07-07T05:10:04.003799+00:00,160.1,8,bid,,,10385591
2026-07-07T05:10:03.991951,2026-07-07T05:10:04.003799+00:00,160.1,5,bid,,,10385592
2026-07-07T05:10:03.991951,2026-07-07T05:10:04.003799+00:00,160.2,34,bid,,,10385593
2026-07-07T05:10:04.647231,2026-07-07T05:10:04.658692+00:00,160.1,43,bid,,,10385609
2026-07-07T05:10:04.925585,2026-07-07T05:10:04.937764+00:00,160.1,50,bid,,,10385610
2026-07-07T05:10:06.217231,2026-07-07T05:10:06.228490+00:00,159.7,8,ask,,,10385630
2026-07-07T05:10:06.217231,2026-07-07T05:10:06.228490+00:00,159.7,33,ask,,,10385631
2026-07-07T05:10:07.059962,2026-07-07T05:10:07.067770+00:00,160.2,50,bid,,,10385642
2026-07-07T05:10:08.376874,2026-07-07T05:10:08.388605+00:00,159.8,45,ask,,,10385666
2026-07-07T05:10:08.585844,2026-07-07T05:10:08.625798+00:00,160.0,5,bid,,,10385668
2026-07-07T05:10:08.585844,2026-07-07T05:10:08.625798+00:00,160.0,6,bid,,,10385669
2026-07-07T05:10:09.242701,2026-07-07T05:10:09.259494+00:00,159.9,5,ask,,,10385685
2026-07-07T05:10:09.242701,2026-07-07T05:10:09.259494+00:00,159.9,8,ask,,,10385686
2026-07-07T05:10:09.242701,2026-07-07T05:10:09.259494+00:00,159.8,37,ask,,,10385687
2026-07-07T05:10:10.481887,2026-07-07T05:10:10.489778+00:00,160.2,8,bid,,,10385700
2026-07-07T05:10:10.481887,2026-07-07T05:10:10.494739+00:00,160.2,41,bid,,,10385701
2026-07-07T05:10:11.355834,2026-07-07T05:10:11.353652+00:00,160.0,50,ask,,,10385713
2026-07-07T05:10:15.579660,2026-07-07T05:10:15.591384+00:00,160.1,8,ask,,,10385775
2026-07-07T05:10:15.579660,2026-07-07T05:10:15.591384+00:00,160.0,42,ask,,,10385776
2026-07-07T05:10:16.054147,2026-07-07T05:10:16.058555+00:00,160.0,48,ask,,,10385786
2026-07-07T05:10:17.681816,2026-07-07T05:10:17.688879+00:00,160.2,8,bid,,,10385800
2026-07-07T05:10:17.718507,2026-07-07T05:10:17.731007+00:00,160.0,50,ask,,,10385801
2026-07-07T05:10:18.936125,2026-07-07T05:10:18.947770+00:00,160.2,47,bid,,,10385815
2026-07-07T05:10:19.824048,2026-07-07T05:10:19.832860+00:00,160.0,5,ask,,,10385824
2026-07-07T05:10:19.824048,2026-07-07T05:10:19.838032+00:00,160.0,8,ask,,,10385825
2026-07-07T05:10:19.824048,2026-07-07T05:10:19.838032+00:00,159.9,37,ask,,,10385826
2026-07-07T05:10:20.688539,2026-07-07T05:10:20.700300+00:00,160.2,49,bid,,,10385835
2026-07-07T05:10:21.716969,2026-07-07T05:10:21.724507+00:00,160.2,12,bid,,,10385838
2026-07-07T05:10:21.883193,2026-07-07T05:10:21.891314+00:00,160.2,50,bid,,,10385841
2026-07-07T05:10:22.570236,2026-07-07T05:10:22.579860+00:00,160.3,12,ask,,,10385860
2026-07-07T05:10:22.982056,2026-07-07T05:10:22.993910+00:00,160.3,100,ask,,,10385863
2026-07-07T05:10:23.725610,2026-07-07T05:10:23.733185+00:00,160.3,38,ask,,,10385874
2026-07-07T05:10:23.725610,2026-07-07T05:10:23.738402+00:00,160.1,5,ask,,,10385875
2026-07-07T05:10:24.012193,2026-07-07T05:10:24.021347+00:00,160.4,5,bid,,,10385885
2026-07-07T05:10:24.012193,2026-07-07T05:10:24.021347+00:00,160.5,8,bid,,,10385886
2026-07-07T05:10:25.804090,2026-07-07T05:10:25.820713+00:00,160.2,20,bid,,,10385921
2026-07-07T05:10:26.091161,2026-07-07T05:10:26.102690+00:00,160.2,100,bid,,,10385924
2026-07-07T05:10:26.125524,2026-07-07T05:10:26.137236+00:00,160.2,30,bid,,,10385925
2026-07-07T05:10:26.125524,2026-07-07T05:10:26.137236+00:00,160.3,8,bid,,,10385926
2026-07-07T05:10:26.125524,2026-07-07T05:10:26.137236+00:00,160.5,5,bid,,,10385927
2026-07-07T05:10:26.125524,2026-07-07T05:10:26.137236+00:00,160.6,7,bid,,,10385928
2026-07-07T05:10:26.179002,2026-07-07T05:10:26.190087+00:00,160.6,13,bid,,,10385930
2026-07-07T05:10:27.215542,2026-07-07T05:10:27.227374+00:00,160.4,8,bid,,,10385948
2026-07-07T05:10:27.215542,2026-07-07T05:10:27.227374+00:00,160.5,5,bid,,,10385949
2026-07-07T05:10:28.287655,2026-07-07T05:10:28.299575+00:00,160.2,5,ask,,,10385957
2026-07-07T05:10:28.287655,2026-07-07T05:10:28.299575+00:00,160.0,8,ask,,,10385958
2026-07-07T05:10:28.287655,2026-07-07T05:10:28.299575+00:00,160.0,20,ask,,,10385959
2026-07-07T05:10:28.287655,2026-07-07T05:10:28.299575+00:00,159.7,17,ask,,,10385960
2026-07-07T05:10:30.346166,2026-07-07T05:10:30.358541+00:00,160.3,50,bid,,,10385991
2026-07-07T05:10:31.224213,2026-07-07T05:10:31.236267+00:00,160.2,44,ask,,,10386007
2026-07-07T05:10:32.529737,2026-07-07T05:10:32.541570+00:00,160.1,8,ask,,,10386021
2026-07-07T05:10:32.529737,2026-07-07T05:10:32.541570+00:00,160.0,5,ask,,,10386022
2026-07-07T05:10:32.529737,2026-07-07T05:10:32.541570+00:00,160.0,37,ask,,,10386023
2026-07-07T05:10:33.890591,2026-07-07T05:10:33.902648+00:00,160.4,5,bid,,,10386051
2026-07-07T05:10:33.890591,2026-07-07T05:10:33.902648+00:00,160.4,8,bid,,,10386052
2026-07-07T05:10:33.890591,2026-07-07T05:10:33.902648+00:00,160.5,36,bid,,,10386053
2026-07-07T05:10:34.587615,2026-07-07T05:10:34.599373+00:00,160.5,50,bid,,,10386062
2026-07-07T05:10:34.879854,2026-07-07T05:10:34.891560+00:00,160.1,5,ask,,,10386073
2026-07-07T05:10:34.879854,2026-07-07T05:10:34.891560+00:00,160.0,36,ask,,,10386074
2026-07-07T05:10:36.724356,2026-07-07T05:10:36.736256+00:00,160.6,8,bid,,,10386090
2026-07-07T05:10:36.724356,2026-07-07T05:10:36.736256+00:00,160.6,5,bid,,,10386091
2026-07-07T05:10:36.724356,2026-07-07T05:10:36.736256+00:00,160.7,37,bid,,,10386092
2026-07-07T05:10:37.445602,2026-07-07T05:10:37.454279+00:00,160.3,5,ask,,,10386106
2026-07-07T05:10:37.456053,2026-07-07T05:10:37.463632+00:00,160.2,17,ask,,,10386108
2026-07-07T05:10:37.620470,2026-07-07T05:10:37.629809+00:00,160.2,40,ask,,,10386114
2026-07-07T05:10:37.805196,2026-07-07T05:10:37.816502+00:00,160.2,5,ask,,,10386119
2026-07-07T05:10:38.062567,2026-07-07T05:10:38.069357+00:00,160.2,8,ask,,,10386123
2026-07-07T05:10:38.219071,2026-07-07T05:10:38.230289+00:00,160.2,100,ask,,,10386128
2026-07-07T05:10:38.803627,2026-07-07T05:10:38.810674+00:00,159.9,8,ask,,,10386136
2026-07-07T05:10:38.817122,2026-07-07T05:10:38.826474+00:00,159.8,34,bid,,,10386137
2026-07-07T05:10:38.830543,2026-07-07T05:10:38.847205+00:00,159.8,5,bid,,,10386139
2026-07-07T05:10:38.837552,2026-07-07T05:10:38.852494+00:00,159.8,50,bid,,,10386141
2026-07-07T05:10:40.319962,2026-07-07T05:10:40.331533+00:00,159.8,3,bid,,,10386175
2026-07-07T05:10:40.319962,2026-07-07T05:10:40.331533+00:00,160.1,40,bid,,,10386176
2026-07-07T05:10:40.949812,2026-07-07T05:10:40.962366+00:00,160.1,10,bid,,,10386192
2026-07-07T05:10:40.949812,2026-07-07T05:10:40.962366+00:00,160.1,5,bid,,,10386193
2026-07-07T05:10:40.949812,2026-07-07T05:10:40.967334+00:00,160.2,8,bid,,,10386194
2026-07-07T05:10:41.397596,2026-07-07T05:10:41.406722+00:00,160.3,23,ask,,,10386201
2026-07-07T05:10:41.443118,2026-07-07T05:10:41.452253+00:00,160.3,11,ask,,,10386205
2026-07-07T05:10:41.551740,2026-07-07T05:10:41.558552+00:00,160.3,49,ask,,,10386208
2026-07-07T05:10:41.608891,2026-07-07T05:10:41.617670+00:00,160.3,8,ask,,,10386209
2026-07-07T05:10:41.945209,2026-07-07T05:10:41.958569+00:00,160.3,5,ask,,,10386218
2026-07-07T05:10:41.981679,2026-07-07T05:10:41.993328+00:00,160.3,54,ask,,,10386219
2026-07-07T05:10:42.608217,2026-07-07T05:10:42.617752+00:00,160.2,46,bid,,,10386236
2026-07-07T05:10:42.608217,2026-07-07T05:10:42.617752+00:00,160.3,2,bid,,,10386237
2026-07-07T05:10:43.061615,2026-07-07T05:10:43.069963+00:00,160.2,5,bid,,,10386250
2026-07-07T05:10:43.061615,2026-07-07T05:10:43.069963+00:00,160.2,20,bid,,,10386251
2026-07-07T05:10:43.061615,2026-07-07T05:10:43.074977+00:00,160.7,7,bid,,,10386252
2026-07-07T05:10:43.061615,2026-07-07T05:10:43.074977+00:00,160.8,18,bid,,,10386253
2026-07-07T05:10:45.181481,2026-07-07T05:10:45.193113+00:00,160.4,50,bid,,,10386279
2026-07-07T05:10:47.290835,2026-07-07T05:10:47.302591+00:00,160.4,50,bid,,,10386302
2026-07-07T05:10:47.315970,2026-07-07T05:10:47.324324+00:00,160.4,42,bid,,,10386305
2026-07-07T05:10:47.659761,2026-07-07T05:10:47.668902+00:00,160.4,5,bid,,,10386310
2026-07-07T05:10:47.659761,2026-07-07T05:10:47.668902+00:00,160.4,20,bid,,,10386311
2026-07-07T05:10:47.670094,2026-07-07T05:10:47.678659+00:00,160.4,12,ask,,,10386312
2026-07-07T05:10:47.747299,2026-07-07T05:10:47.755539+00:00,160.4,25,ask,,,10386315
2026-07-07T05:10:47.979236,2026-07-07T05:10:47.990490+00:00,160.4,25,ask,,,10386321
2026-07-07T05:10:48.199319,2026-07-07T05:10:48.210560+00:00,160.4,25,ask,,,10386329
2026-07-07T05:10:48.421929,2026-07-07T05:10:48.432772+00:00,160.4,25,ask,,,10386331
2026-07-07T05:10:48.488010,2026-07-07T05:10:48.495826+00:00,160.4,13,ask,,,10386333
2026-07-07T05:10:48.488010,2026-07-07T05:10:48.500987+00:00,160.1,5,ask,,,10386334
2026-07-07T05:10:48.488010,2026-07-07T05:10:48.500987+00:00,160.0,26,ask,,,10386335
2026-07-07T05:10:48.972666,2026-07-07T05:10:48.984043+00:00,160.0,49,ask,,,10386339
2026-07-07T05:10:49.430397,2026-07-07T05:10:49.438578+00:00,160.3,5,bid,,,10386350
2026-07-07T05:10:49.430397,2026-07-07T05:10:49.443603+00:00,160.5,45,bid,,,10386351
2026-07-07T05:10:50.145337,2026-07-07T05:10:50.147357+00:00,160.5,40,bid,,,10386365
2026-07-07T05:10:51.595459,2026-07-07T05:10:51.606932+00:00,159.9,5,ask,,,10386381
2026-07-07T05:10:51.595459,2026-07-07T05:10:51.606932+00:00,159.9,45,ask,,,10386382
2026-07-07T05:10:52.645094,2026-07-07T05:10:52.656775+00:00,160.1,42,bid,,,10386395
2026-07-07T05:10:53.703497,2026-07-07T05:10:53.713460+00:00,159.9,50,ask,,,10386416
2026-07-07T05:10:55.847692,2026-07-07T05:10:55.862598+00:00,159.7,50,ask,,,10386446
2026-07-07T05:10:55.847930,2026-07-07T05:10:55.862598+00:00,160.0,12,bid,,,10386447
2026-07-07T05:10:56.076084,2026-07-07T05:10:56.088170+00:00,159.8,20,ask,,,10386450
2026-07-07T05:10:56.076084,2026-07-07T05:10:56.088170+00:00,159.8,8,ask,,,10386451
2026-07-07T05:10:56.076084,2026-07-07T05:10:56.088170+00:00,159.7,15,ask,,,10386452
2026-07-07T05:10:57.840079,2026-07-07T05:10:57.851941+00:00,160.0,40,bid,,,10386487
2026-07-07T05:10:57.959777,2026-07-07T05:10:57.970365+00:00,159.8,5,ask,,,10386492
2026-07-07T05:10:57.959777,2026-07-07T05:10:57.970365+00:00,159.8,20,ask,,,10386493
2026-07-07T05:10:57.959777,2026-07-07T05:10:57.970365+00:00,159.6,25,ask,,,10386494
2026-07-07T05:10:58.388777,2026-07-07T05:10:58.398130+00:00,160.0,11,bid,,,10386504
2026-07-07T05:10:59.994645,2026-07-07T05:11:00.006606+00:00,159.9,8,ask,,,10386520
2026-07-07T05:10:59.994645,2026-07-07T05:11:00.006606+00:00,159.8,5,ask,,,10386521
2026-07-07T05:10:59.994645,2026-07-07T05:11:00.006606+00:00,159.8,20,ask,,,10386522
2026-07-07T05:10:59.994645,2026-07-07T05:11:00.012123+00:00,159.6,13,ask,,,10386523
2026-07-07T05:11:00.093106,2026-07-07T05:11:00.103045+00:00,159.8,20,ask,,,10386526
2026-07-07T05:11:00.093106,2026-07-07T05:11:00.103045+00:00,159.6,30,ask,,,10386527
2026-07-07T05:11:00.487753,2026-07-07T05:11:00.496004+00:00,159.8,8,ask,,,10386537
2026-07-07T05:11:00.487753,2026-07-07T05:11:00.501024+00:00,159.8,35,ask,,,10386538
2026-07-07T05:11:02.201853,2026-07-07T05:11:02.209850+00:00,159.8,50,ask,,,10386562
2026-07-07T05:11:04.331169,2026-07-07T05:11:04.339598+00:00,159.7,8,ask,,,10386591
2026-07-07T05:11:04.331169,2026-07-07T05:11:04.339598+00:00,159.6,5,ask,,,10386592
2026-07-07T05:11:04.331169,2026-07-07T05:11:04.345038+00:00,159.5,20,ask,,,10386593
2026-07-07T05:11:04.331169,2026-07-07T05:11:04.345038+00:00,159.3,17,ask,,,10386594
2026-07-07T05:11:06.449627,2026-07-07T05:11:06.457938+00:00,159.6,8,ask,,,10386620
2026-07-07T05:11:06.449627,2026-07-07T05:11:06.457938+00:00,159.5,5,ask,,,10386621
2026-07-07T05:11:06.449627,2026-07-07T05:11:06.457938+00:00,159.4,20,ask,,,10386622
2026-07-07T05:11:06.449627,2026-07-07T05:11:06.457938+00:00,159.3,17,ask,,,10386623
2026-07-07T05:11:06.708240,2026-07-07T05:11:06.718270+00:00,159.5,23,bid,,,10386629
2026-07-07T05:11:06.747977,2026-07-07T05:11:06.756276+00:00,159.5,11,bid,,,10386633
2026-07-07T05:11:06.895013,2026-07-07T05:11:06.905174+00:00,159.5,22,bid,,,10386641
2026-07-07T05:11:06.920721,2026-07-07T05:11:06.931559+00:00,159.5,8,bid,,,10386642
2026-07-07T05:11:06.939400,2026-07-07T05:11:06.947150+00:00,159.5,44,bid,,,10386645
2026-07-07T05:11:07.224206,2026-07-07T05:11:07.235633+00:00,159.5,42,bid,,,10386649
2026-07-07T05:11:07.435429,2026-07-07T05:11:07.443577+00:00,159.8,5,bid,,,10386655
2026-07-07T05:11:07.583956,2026-07-07T05:11:07.592170+00:00,159.8,3,ask,,,10386658
2026-07-07T05:11:07.593146,2026-07-07T05:11:07.601069+00:00,159.7,8,ask,,,10386660
2026-07-07T05:11:08.000237,2026-07-07T05:11:08.011844+00:00,159.7,49,ask,,,10386663
2026-07-07T05:11:10.448181,2026-07-07T05:11:10.458559+00:00,159.8,100,ask,,,10386709
2026-07-07T05:11:10.667274,2026-07-07T05:11:10.679393+00:00,159.8,50,ask,,,10386716
2026-07-07T05:11:11.060130,2026-07-07T05:11:11.070211+00:00,160.0,5,bid,,,10386730
2026-07-07T05:11:11.060130,2026-07-07T05:11:11.070211+00:00,160.1,8,bid,,,10386731
2026-07-07T05:11:11.060130,2026-07-07T05:11:11.070211+00:00,160.1,20,bid,,,10386732
2026-07-07T05:11:11.060130,2026-07-07T05:11:11.075455+00:00,160.3,16,bid,,,10386733
2026-07-07T05:11:11.708120,2026-07-07T05:11:11.717843+00:00,159.8,8,ask,,,10386748
2026-07-07T05:11:12.723297,2026-07-07T05:11:12.734871+00:00,160.2,8,bid,,,10386761
2026-07-07T05:11:12.723297,2026-07-07T05:11:12.734871+00:00,160.2,5,bid,,,10386762
2026-07-07T05:11:12.723297,2026-07-07T05:11:12.734871+00:00,160.2,20,bid,,,10386763
2026-07-07T05:11:12.723297,2026-07-07T05:11:12.734871+00:00,160.3,17,bid,,,10386764
2026-07-07T05:11:14.859365,2026-07-07T05:11:14.872049+00:00,160.0,50,bid,,,10386794
2026-07-07T05:11:16.968421,2026-07-07T05:11:16.979266+00:00,160.1,8,bid,,,10386818
2026-07-07T05:11:16.968421,2026-07-07T05:11:16.979266+00:00,160.1,42,bid,,,10386819
2026-07-07T05:11:19.099983,2026-07-07T05:11:19.111801+00:00,160.1,50,bid,,,10386854
2026-07-07T05:11:19.877194,2026-07-07T05:11:19.888822+00:00,159.9,8,ask,,,10386866
2026-07-07T05:11:21.210098,2026-07-07T05:11:21.221619+00:00,160.2,8,bid,,,10386884
2026-07-07T05:11:21.210098,2026-07-07T05:11:21.221619+00:00,160.2,42,bid,,,10386885
2026-07-07T05:11:23.321202,2026-07-07T05:11:23.329469+00:00,160.2,5,bid,,,10386915
2026-07-07T05:11:23.321202,2026-07-07T05:11:23.334879+00:00,160.3,45,bid,,,10386916
2026-07-07T05:11:23.343984,2026-07-07T05:11:23.355545+00:00,160.3,48,bid,,,10386917
2026-07-07T05:11:24.394492,2026-07-07T05:11:24.404152+00:00,159.9,5,ask,,,10386933
2026-07-07T05:11:24.394492,2026-07-07T05:11:24.404152+00:00,159.8,43,ask,,,10386934
2026-07-07T05:11:25.428865,2026-07-07T05:11:25.440092+00:00,160.1,20,bid,,,10386947
2026-07-07T05:11:25.428865,2026-07-07T05:11:25.440092+00:00,160.2,8,bid,,,10386948
2026-07-07T05:11:25.428865,2026-07-07T05:11:25.440092+00:00,160.2,5,bid,,,10386949
2026-07-07T05:11:25.428865,2026-07-07T05:11:25.440092+00:00,160.3,17,bid,,,10386950
2026-07-07T05:11:25.631136,2026-07-07T05:11:25.640612+00:00,160.0,23,ask,,,10386957
2026-07-07T05:11:25.946825,2026-07-07T05:11:25.958176+00:00,160.0,23,ask,,,10386967
2026-07-07T05:11:26.114158,2026-07-07T05:11:26.125432+00:00,160.0,25,ask,,,10386976
2026-07-07T05:11:26.263955,2026-07-07T05:11:26.275415+00:00,160.0,79,ask,,,10386983
2026-07-07T05:11:27.365053,2026-07-07T05:11:27.376851+00:00,159.9,21,bid,,,10387000
2026-07-07T05:11:27.365053,2026-07-07T05:11:27.376851+00:00,159.9,8,bid,,,10387001
2026-07-07T05:11:27.365053,2026-07-07T05:11:27.376851+00:00,160.0,13,bid,,,10387002
2026-07-07T05:11:27.421444,2026-07-07T05:11:27.431545+00:00,160.0,8,bid,,,10387005
2026-07-07T05:11:27.569385,2026-07-07T05:11:27.581186+00:00,160.1,5,bid,,,10387008
2026-07-07T05:11:27.569385,2026-07-07T05:11:27.581186+00:00,160.3,20,bid,,,10387009
2026-07-07T05:11:27.569385,2026-07-07T05:11:27.581186+00:00,160.5,25,bid,,,10387010
2026-07-07T05:11:28.841023,2026-07-07T05:11:28.850435+00:00,159.9,4,bid,,,10387031
2026-07-07T05:11:29.373258,2026-07-07T05:11:29.382114+00:00,159.9,100,bid,,,10387041
2026-07-07T05:11:29.376135,2026-07-07T05:11:29.387349+00:00,159.9,40,bid,,,10387042
2026-07-07T05:11:29.681625,2026-07-07T05:11:29.693971+00:00,159.9,6,bid,,,10387049
2026-07-07T05:11:29.681625,2026-07-07T05:11:29.693971+00:00,159.9,8,bid,,,10387050
2026-07-07T05:11:29.681625,2026-07-07T05:11:29.693971+00:00,160.2,5,bid,,,10387051
2026-07-07T05:11:29.681625,2026-07-07T05:11:29.699485+00:00,160.2,20,bid,,,10387052
2026-07-07T05:11:29.681625,2026-07-07T05:11:29.699485+00:00,160.4,11,bid,,,10387053
2026-07-07T05:11:29.942515,2026-07-07T05:11:29.951537+00:00,159.8,5,ask,,,10387058
2026-07-07T05:11:29.942515,2026-07-07T05:11:29.958601+00:00,159.7,8,ask,,,10387059
2026-07-07T05:11:29.942515,2026-07-07T05:11:29.958601+00:00,159.6,20,ask,,,10387060
2026-07-07T05:11:29.942515,2026-07-07T05:11:29.958601+00:00,159.4,16,ask,,,10387061
2026-07-07T05:11:30.493269,2026-07-07T05:11:30.501286+00:00,160.1,8,bid,,,10387068
2026-07-07T05:11:30.493269,2026-07-07T05:11:30.501286+00:00,160.2,5,bid,,,10387069
2026-07-07T05:11:31.564576,2026-07-07T05:11:31.574905+00:00,159.8,8,ask,,,10387076
2026-07-07T05:11:31.564576,2026-07-07T05:11:31.574905+00:00,159.8,5,ask,,,10387077
2026-07-07T05:11:31.564576,2026-07-07T05:11:31.574905+00:00,159.6,20,ask,,,10387078
2026-07-07T05:11:31.564576,2026-07-07T05:11:31.580133+00:00,159.4,13,ask,,,10387079
2026-07-07T05:11:31.864991,2026-07-07T05:11:31.866742+00:00,159.6,20,ask,,,10387087
2026-07-07T05:11:31.864991,2026-07-07T05:11:31.877986+00:00,159.6,8,ask,,,10387088
2026-07-07T05:11:31.864991,2026-07-07T05:11:31.877986+00:00,159.4,22,ask,,,10387089
2026-07-07T05:11:33.975060,2026-07-07T05:11:33.986080+00:00,159.8,50,ask,,,10387117
2026-07-07T05:11:34.280249,2026-07-07T05:11:34.292127+00:00,160.1,8,bid,,,10387122
2026-07-07T05:11:34.280249,2026-07-07T05:11:34.292127+00:00,160.1,32,bid,,,10387123
2026-07-07T05:11:34.782149,2026-07-07T05:11:34.792387+00:00,160.1,41,bid,,,10387130
2026-07-07T05:11:35.744851,2026-07-07T05:11:35.758605+00:00,159.9,46,ask,,,10387140
2026-07-07T05:11:36.080225,2026-07-07T05:11:36.091733+00:00,159.9,50,ask,,,10387147
2026-07-07T05:11:36.242660,2026-07-07T05:11:36.258604+00:00,159.9,4,ask,,,10387150
2026-07-07T05:11:36.242660,2026-07-07T05:11:36.258604+00:00,159.8,5,ask,,,10387151
2026-07-07T05:11:36.242660,2026-07-07T05:11:36.258604+00:00,159.6,36,ask,,,10387152
2026-07-07T05:11:38.188170,2026-07-07T05:11:38.198033+00:00,159.7,5,ask,,,10387179
2026-07-07T05:11:38.188170,2026-07-07T05:11:38.198033+00:00,159.6,45,ask,,,10387180
2026-07-07T05:11:38.344708,2026-07-07T05:11:38.357313+00:00,159.7,22,bid,,,10387182
2026-07-07T05:11:38.514875,2026-07-07T05:11:38.522368+00:00,159.7,25,bid,,,10387187
2026-07-07T05:11:38.736837,2026-07-07T05:11:38.745520+00:00,159.7,25,bid,,,10387195
2026-07-07T05:11:38.957705,2026-07-07T05:11:38.965466+00:00,159.7,25,bid,,,10387200
2026-07-07T05:11:39.075362,2026-07-07T05:11:39.085083+00:00,159.7,23,bid,,,10387205
2026-07-07T05:11:39.179213,2026-07-07T05:11:39.186889+00:00,159.7,3,bid,,,10387208
2026-07-07T05:11:39.306310,2026-07-07T05:11:39.314885+00:00,159.7,8,bid,,,10387210
2026-07-07T05:11:39.702632,2026-07-07T05:11:39.710481+00:00,159.7,5,bid,,,10387216
2026-07-07T05:11:40.297750,2026-07-07T05:11:40.305326+00:00,159.6,50,ask,,,10387228
2026-07-07T05:11:41.459451,2026-07-07T05:11:41.467408+00:00,159.8,5,ask,,,10387239
2026-07-07T05:11:41.702959,2026-07-07T05:11:41.711447+00:00,159.8,6,ask,,,10387245
2026-07-07T05:11:42.406187,2026-07-07T05:11:42.417933+00:00,159.8,50,ask,,,10387255
2026-07-07T05:11:42.608327,2026-07-07T05:11:42.619937+00:00,160.0,5,bid,,,10387263
2026-07-07T05:11:42.608327,2026-07-07T05:11:42.619937+00:00,160.0,39,bid,,,10387264
2026-07-07T05:11:43.112622,2026-07-07T05:11:43.120693+00:00,159.8,12,ask,,,10387270
2026-07-07T05:11:44.514291,2026-07-07T05:11:44.526057+00:00,159.8,50,ask,,,10387283
2026-07-07T05:11:46.622013,2026-07-07T05:11:46.634067+00:00,159.7,8,ask,,,10387310
2026-07-07T05:11:46.622013,2026-07-07T05:11:46.634067+00:00,159.6,5,ask,,,10387311
2026-07-07T05:11:46.622013,2026-07-07T05:11:46.634067+00:00,159.5,37,ask,,,10387312
2026-07-07T05:11:46.634747,2026-07-07T05:11:46.646472+00:00,159.8,42,bid,,,10387313
2026-07-07T05:11:48.733439,2026-07-07T05:11:48.745227+00:00,159.7,8,ask,,,10387344
2026-07-07T05:11:48.733439,2026-07-07T05:11:48.745227+00:00,159.6,5,ask,,,10387345
2026-07-07T05:11:48.733439,2026-07-07T05:11:48.745227+00:00,159.5,37,ask,,,10387346
2026-07-07T05:11:49.893172,2026-07-07T05:11:49.900681+00:00,159.7,8,ask,,,10387366
2026-07-07T05:11:49.893172,2026-07-07T05:11:49.905868+00:00,159.5,34,ask,,,10387367
2026-07-07T05:11:50.354631,2026-07-07T05:11:50.358572+00:00,159.9,43,bid,,,10387374
2026-07-07T05:11:50.843917,2026-07-07T05:11:50.850345+00:00,159.6,5,ask,,,10387378
2026-07-07T05:11:50.843917,2026-07-07T05:11:50.850345+00:00,159.5,45,ask,,,10387379
2026-07-07T05:11:51.576132,2026-07-07T05:11:51.584409+00:00,159.6,12,bid,,,10387390
2026-07-07T05:11:52.571929,2026-07-07T05:11:52.581658+00:00,159.5,8,ask,,,10387403
2026-07-07T05:11:52.571929,2026-07-07T05:11:52.581658+00:00,159.5,36,ask,,,10387404
2026-07-07T05:11:52.951406,2026-07-07T05:11:52.958579+00:00,159.5,50,ask,,,10387412
2026-07-07T05:11:53.074960,2026-07-07T05:11:53.086307+00:00,159.5,14,ask,,,10387413
2026-07-07T05:11:53.074960,2026-07-07T05:11:53.086307+00:00,159.5,8,ask,,,10387414
2026-07-07T05:11:53.074960,2026-07-07T05:11:53.086307+00:00,159.4,5,ask,,,10387415
2026-07-07T05:11:54.711930,2026-07-07T05:11:54.725340+00:00,159.5,44,bid,,,10387440
2026-07-07T05:11:55.057430,2026-07-07T05:11:55.069293+00:00,159.3,5,ask,,,10387446
2026-07-07T05:11:57.114366,2026-07-07T05:11:57.131009+00:00,159.5,50,bid,,,10387483
2026-07-07T05:11:58.254552,2026-07-07T05:11:58.258609+00:00,159.5,8,ask,,,10387496
2026-07-07T05:11:58.254552,2026-07-07T05:11:58.258609+00:00,159.4,33,ask,,,10387497
2026-07-07T05:11:59.219437,2026-07-07T05:11:59.229849+00:00,159.7,5,bid,,,10387506
2026-07-07T05:11:59.219437,2026-07-07T05:11:59.229849+00:00,159.8,45,bid,,,10387507
2026-07-07T05:11:59.946279,2026-07-07T05:11:59.955839+00:00,159.7,5,bid,,,10387525
2026-07-07T05:11:59.946279,2026-07-07T05:11:59.955839+00:00,159.8,35,bid,,,10387526
2026-07-07T05:12:00.964657,2026-07-07T05:12:00.976728+00:00,159.8,20,bid,,,10387541
2026-07-07T05:12:00.964657,2026-07-07T05:12:00.976728+00:00,159.9,5,bid,,,10387542
2026-07-07T05:12:00.964657,2026-07-07T05:12:00.976728+00:00,159.9,19,bid,,,10387543
2026-07-07T05:12:01.331936,2026-07-07T05:12:01.338859+00:00,159.9,50,bid,,,10387546
2026-07-07T05:12:02.989886,2026-07-07T05:12:03.001664+00:00,159.7,8,ask,,,10387568
2026-07-07T05:12:02.989886,2026-07-07T05:12:03.001664+00:00,159.6,38,ask,,,10387569
2026-07-07T05:12:03.441750,2026-07-07T05:12:03.453224+00:00,159.9,50,bid,,,10387580
2026-07-07T05:12:03.589967,2026-07-07T05:12:03.601429+00:00,160.1,100,bid,,,10387584
2026-07-07T05:12:03.589967,2026-07-07T05:12:03.601429+00:00,160.1,5,bid,,,10387585
2026-07-07T05:12:03.602584,2026-07-07T05:12:03.610069+00:00,160.1,5,ask,,,10387586
2026-07-07T05:12:04.026356,2026-07-07T05:12:04.035234+00:00,160.1,29,ask,,,10387595
2026-07-07T05:12:04.417583,2026-07-07T05:12:04.424233+00:00,160.1,5,ask,,,10387607
2026-07-07T05:12:04.579871,2026-07-07T05:12:04.591857+00:00,160.1,6,ask,,,10387608
2026-07-07T05:12:04.579871,2026-07-07T05:12:04.591857+00:00,159.8,37,ask,,,10387609
2026-07-07T05:12:05.549013,2026-07-07T05:12:05.564000+00:00,160.0,8,bid,,,10387627
2026-07-07T05:12:05.549013,2026-07-07T05:12:05.564000+00:00,160.1,20,bid,,,10387628
2026-07-07T05:12:05.549013,2026-07-07T05:12:05.564000+00:00,160.2,5,bid,,,10387629
2026-07-07T05:12:05.549013,2026-07-07T05:12:05.564000+00:00,160.3,17,bid,,,10387630
2026-07-07T05:12:06.826170,2026-07-07T05:12:06.835182+00:00,159.9,22,bid,,,10387655
2026-07-07T05:12:06.871418,2026-07-07T05:12:06.878955+00:00,159.9,20,bid,,,10387658
2026-07-07T05:12:07.374601,2026-07-07T05:12:07.385666+00:00,159.9,100,bid,,,10387667
2026-07-07T05:12:07.522144,2026-07-07T05:12:07.529817+00:00,159.9,5,bid,,,10387670
2026-07-07T05:12:07.659538,2026-07-07T05:12:07.671653+00:00,159.9,3,bid,,,10387674
2026-07-07T05:12:07.659538,2026-07-07T05:12:07.671653+00:00,160.1,8,bid,,,10387675
2026-07-07T05:12:07.659538,2026-07-07T05:12:07.671653+00:00,160.2,20,bid,,,10387676
2026-07-07T05:12:07.659538,2026-07-07T05:12:07.671653+00:00,160.3,5,bid,,,10387677
2026-07-07T05:12:07.659538,2026-07-07T05:12:07.676826+00:00,160.4,14,bid,,,10387678
2026-07-07T05:12:08.709054,2026-07-07T05:12:08.721006+00:00,160.2,5,bid,,,10387696
2026-07-07T05:12:08.709054,2026-07-07T05:12:08.721006+00:00,160.2,20,bid,,,10387697
2026-07-07T05:12:08.709054,2026-07-07T05:12:08.721006+00:00,160.4,17,bid,,,10387698
2026-07-07T05:12:09.828704,2026-07-07T05:12:09.837994+00:00,160.1,5,ask,,,10387726
2026-07-07T05:12:09.828704,2026-07-07T05:12:09.837994+00:00,160.0,20,ask,,,10387727
2026-07-07T05:12:09.828704,2026-07-07T05:12:09.843253+00:00,159.9,8,ask,,,10387728
2026-07-07T05:12:09.920968,2026-07-07T05:12:09.932775+00:00,160.3,8,bid,,,10387732
2026-07-07T05:12:10.608429,2026-07-07T05:12:10.618863+00:00,160.3,22,ask,,,10387746
2026-07-07T05:12:11.890443,2026-07-07T05:12:11.901451+00:00,160.4,5,bid,,,10387768
2026-07-07T05:12:11.890443,2026-07-07T05:12:11.901451+00:00,160.4,20,bid,,,10387769
2026-07-07T05:12:11.890443,2026-07-07T05:12:11.901451+00:00,160.5,25,bid,,,10387770
2026-07-07T05:12:12.314515,2026-07-07T05:12:12.326390+00:00,160.5,45,bid,,,10387779
2026-07-07T05:12:12.923801,2026-07-07T05:12:12.935673+00:00,160.3,46,ask,,,10387790
2026-07-07T05:12:14.000332,2026-07-07T05:12:14.015603+00:00,160.5,8,bid,,,10387815
2026-07-07T05:12:14.000332,2026-07-07T05:12:14.015603+00:00,160.6,42,bid,,,10387816
2026-07-07T05:12:15.027550,2026-07-07T05:12:15.035323+00:00,160.4,8,bid,,,10387827
2026-07-07T05:12:15.773624,2026-07-07T05:12:15.784203+00:00,160.4,8,bid,,,10387841
2026-07-07T05:12:16.108943,2026-07-07T05:12:16.120498+00:00,160.5,8,bid,,,10387850
2026-07-07T05:12:16.108943,2026-07-07T05:12:16.120498+00:00,160.6,42,bid,,,10387851
2026-07-07T05:12:17.559425,2026-07-07T05:12:17.571016+00:00,160.6,8,bid,,,10387871
2026-07-07T05:12:18.274241,2026-07-07T05:12:18.285938+00:00,160.5,50,ask,,,10387889
2026-07-07T05:12:19.761937,2026-07-07T05:12:19.773706+00:00,160.5,5,ask,,,10387905
2026-07-07T05:12:19.761937,2026-07-07T05:12:19.773706+00:00,160.4,38,ask,,,10387906
2026-07-07T05:12:20.380373,2026-07-07T05:12:20.391850+00:00,160.5,5,ask,,,10387916
2026-07-07T05:12:20.380373,2026-07-07T05:12:20.391850+00:00,160.4,45,ask,,,10387917
2026-07-07T05:12:20.872962,2026-07-07T05:12:20.884643+00:00,160.4,42,ask,,,10387927
2026-07-07T05:12:21.382359,2026-07-07T05:12:21.388984+00:00,160.4,25,ask,,,10387935
2026-07-07T05:12:21.450144,2026-07-07T05:12:21.455917+00:00,160.8,5,bid,,,10387936
2026-07-07T05:12:21.450144,2026-07-07T05:12:21.455917+00:00,160.8,5,bid,,,10387937
2026-07-07T05:12:22.442857,2026-07-07T05:12:22.459719+00:00,160.8,5,bid,,,10387952
2026-07-07T05:12:22.442857,2026-07-07T05:12:22.464959+00:00,160.8,20,bid,,,10387953
2026-07-07T05:12:22.442857,2026-07-07T05:12:22.464959+00:00,160.9,25,bid,,,10387954
2026-07-07T05:12:22.627545,2026-07-07T05:12:22.634055+00:00,160.6,10,ask,,,10387961
